3016 4864
685 391 726 457 39

256 577 306 642 De
328 577 403 644 Div.
426 578 454 660 1,
475 577 527 660 42,
548 577 603 642 93:
640 578 688 641 Ao
715 574 793 640 mihi
821 575 949 658 quidem
972 576 1121 643 uidentur
1144 595 1161 641 e
1183 575 1264 641 loeis

146 699 275 762 quoque
298 679 389 764 ipsis,
411 679 467 764 qui
488 685 555 744 ate
576 678 755 763 quibusque
777 678 1008 763 incolebantur,
1031 679 1264 747 divinationum

146 783 403 866 opportunitates
425 801 498 848 esse
520 781 644 848 duoue.
1271 861 1275 874 ι

256 884 306 948 De
328 885 409 950 Fato
430 886 456 965 1,
481 886 531 968 17,
552 884 608 950 39:
629 887 677 950 Ao
698 885 776 949 mihi
798 884 927 968 quidem
949 884 1076 952 videtur
1093 906 1164 951 oum
1181 884 1264 950 duae

147 987 331 1052 sententiae
360 987 500 1054 fuissent
525 992 667 1054 veterum
688 986 962 1072 philosophorum,
983 1008 1050 1054 una
1071 1007 1180 1053 eorum
1204 994 1264 1053 eto.

256 1089 298 1154 ad
321 1089 360 1169 Q.
383 1090 421 1157 fr.
451 1092 478 1171 I,
501 1092 530 1171 1,
553 1093 611 1158 24:
648 1093 696 1158 Ao
728 1090 806 1155 mihi
839 1089 967 1173 quidem
1000 1090 1150 1156 videntur
1184 1090 1266 1157 haee

150 1192 262 1257 omnia
284 1212 357 1258 esse
380 1192 550 1259 referenda
572 1192 623 1273 iis,
646 1193 700 1275 qui
722 1200 878 1275 praesunt
899 1192 974 1257 aliis
999 1192 1062 1259 ibd.
1085 1193 1104 1276 ξ
1125 1195 1176 1259 20,

256 1294 351 1360 item:
379 1296 429 1361 De
450 1294 503 1361 Or.
529 1297 555 1378 Ι,
570 1297 601 1376 2,
621 1296 649 1360 6.
677 1295 721 1378 ΙΙ,
743 1296 792 1378 19,
808 1296 858 1361 ΙΙ.
876 1293 933 1377 ΙΙΙ,
949 1295 979 1377 5,
990 1297 1042 1362 20.
1074 1297 1123 1376 10,
1138 1298 1190 1361 38.
1218 1297 1267 1362 De

146 1396 222 1462 Jnv.
249 1397 273 1477 Ι,
288 1399 357 1479 2,3
382 1397 471 1482 (bis).
507 1398 539 1475 4,
558 1398 589 1463 5.
615 1398 645 1479 Ι,
662 1399 692 1463 9.
734 1418 766 1485 p.
788 1397 875 1463 Cael.
891 1396 916 1477 Ι,
937 1399 969 1464 2.
998 1398 1030 1462 in
1057 1397 1266 1483 cat.111,13.

147 1519 181 1583 p.
196 1498 343 1565 Balbos
369 1519 399 1585 p.
414 1500 485 1583 Lig.
501 1501 551 1566 17.
581 1499 713 1567 Sallust.
734 1500 768 1566 Ο.
783 1502 844 1585 ΙΙΙ,
857 1502 888 1567 2.

258 1602 374 1686 Apud
411 1602 514 1668 alios
545 1602 773 1687 scriptores
807 1622 851 1669 ea
883 1602 1060 1670 formula
1097 1622 1177 1668 non
1212 1603 1267 1667 le-

146 1703 271 1788 gitur.

259 1808 304 1871 Et
325 1808 464 1891 quidem:
486 1806 536 1872 De
556 1808 594 1873 R.
615 1808 651 1875 P.
671 1810 711 1890 V,
724 1811 755 1891 2,
770 1811 805 1876 3:
828 1809 871 1873 ΕΙ
892 1808 971 1873 mihi
994 1806 1122 1891 quidem
1141 1805 1269 1872 videtur

149 1907 261 1973 Numa
283 1916 393 1975 noster
420 1910 559 1976 maxime
581 1910 725 1977 tenuisse
748 1912 832 1979 huno
857 1931 978 1977 morem
1005 1919 1150 1977 veterem
1172 1909 1269 1975 Grae-

152 2010 226 2076 ciae
250 2031 393 2095 regnum.
416 2013 493 2079 item
515 2012 631 2079 Tusco.
652 2014 712 2093 111,
727 2015 778 2093 24,
792 2014 842 2081 58.

149 2166 151 2169 ,
259 2114 431 2184 Formuiae
458 2118 513 2182 ‘et
541 2116 637 2182 mihi
667 2116 839 2199 quidem'
868 2136 940 2182 oum
962 2114 1036 2180 aliis
1058 2111 1166 2181 verbis
1196 2132 1269 2178 oon-

149 2216 293 2300 iunotae,
308 2238 392 2301 quae
407 2221 494 2304 spud
508 2220 656 2284 Plautum
679 2219 837 2284 interdum
852 2219 980 2302 legitur,
1003 2236 1074 2284 oum
1094 2216 1161 2280 alia
1175 2221 1272 2296 atque

149 2320 320 2402 hocloco,
346 2320 396 2388 vis
419 2322 563 2388 subieota
592 2322 643 2404 sit,
672 2320 757 2386 inira
779 2321 925 2405 exempla
944 2320 1156 2405 proferemus.

262 2424 496 2509 At—quidem:
518 2424 569 2489 De
580 2424 681 2507 Legg.
696 2425 738 2503 ΙΙ,
753 2425 805 2508 22,
819 2424 876 2490 56:
898 2427 941 2489 ut
955 2421 1033 2487 mihi
1048 2419 1178 2504 quidem
1193 2417 1274 2482 auti·

150 2524 345 2608 quissimum
372 2526 556 2611 sepulturae
585 2546 689 2610 genus
714 2525 795 2591 illud
824 2525 925 2590 fuisse
951 2520 1078 2589 videtur
1107 2529 1168 2587 eto.

263 2627 306 2694 Et
334 2627 483 2694 similiter
512 2629 642 2713 quidem
671 2637 767 2713 atque
794 2625 954 2712 particula
983 2621 1176 2708 ‘quidem’
1204 2637 1277 2703 pro·

151 2730 279 2796 nomini
309 2730 474 2815 personali
501 2731 718 2816 restringendi
746 2748 847 2796 eausa
871 2726 984 2795 addita
1005 2733 1066 2805 est,
1094 2717 1280 2808 pronomini

12 2896 15 2929 1*
150 2831 343 2917 possessivo
365 2832 556 2918 saepissime
578 2833 716 2914 additur,
739 2839 773 2898 ut
798 2849 904 2915 panna
925 2827 1077 2913 exempla
1097 2821 1282 2893 ostendent.

263 3023 427 3090 Posterior
459 3024 739 3093 oommentationis
772 3028 905 3088 nostrae
939 3039 1018 3105 pars
1051 3018 1139 3083 intra
1165 3026 1287 3098 pauoos

151 3126 227 3194 dies
250 3124 372 3191 edetnn
