3016 4864
838 322 882 388 20

293 500 497 585 .‘quidem‘,
531 523 630 570 unum
652 506 825 589 ‘quidem’
855 525 934 571 cum
962 507 1199 590 pronomine
1235 507 1437 573 relativo

295 603 499 669 coniunctum
523 607 688 689 praebent,
722 608 754 672 id
777 606 863 691 quod
897 607 1006 675 nescio
1039 629 1081 674 an
1113 609 1295 676 Lucretii
1329 608 1437 673 imi·

295 705 392 770 tatio
415 704 590 772 habenda
612 709 675 773 sit

401 805 468 873 Sed
482 807 671 894 priusquam
693 810 736 875 ad
758 810 888 894 singula
903 812 1081 895 particulae
1096 833 1174 879 usus
1192 833 1314 897 genera
1331 822 1436 881 tran·

294 908 405 988 simus,
439 909 581 976 alienum
616 930 690 978 esse
722 913 803 980 mihi
841 932 906 978 non
938 913 1076 997 videtur,
1112 916 1217 998 prima
1249 914 1435 983 Ciceronis
1495 954 1496 977 ι

292 1010 420 1077 iuvenis
442 1030 542 1094 opera
558 1014 692 1098 ejusque
707 1015 875 1081 orationes
898 1015 1059 1099 persequi,
1081 1024 1125 1098 ut,
1140 1016 1300 1101 quomodo
1325 1015 1435 1080 initio

293 1113 478 1198 scriptionis
506 1114 699 1197 particulam
723 1115 904 1200 ‘quidem‘
935 1119 1147 1202 usurpaverit,
1175 1118 1433 1202 intellegamus.

293 1213 418 1293 Quodsi
441 1215 539 1298 igitur
561 1216 666 1300 prima
681 1218 849 1284 Ciceronis
872 1219 994 1303 scripta
1008 1220 1167 1287 rhetorica
1181 1237 1435 1304 percurremus,

294 1315 405 1395 statim
437 1323 566 1399 praeter
602 1327 712 1384 cetera
750 1321 1015 1405 compositionem
1046 1322 1136 1387 illam
1170 1321 1353 1405 particulae
1395 1326 1436 1383 et

293 1417 495 1500 pronominis
510 1419 638 1486 relativi
653 1422 820 1504 paullatim
836 1424 1070 1489 conformatam
1086 1443 1160 1489 esse
1175 1423 1434 1505 intellegemus:

293 1538 371 1583 nam
399 1519 432 1584 in
464 1519 577 1602 primis
609 1522 679 1606 ejus
712 1524 844 1610 Juvenis
873 1526 1023 1609 operibus
1052 1532 1087 1589 ut
1113 1526 1147 1588 in
1174 1525 1275 1607 libris,
1299 1523 1358 1607 qui
1384 1523 1433 1587 de

294 1620 481 1687 inventione
509 1623 622 1707 scripti
654 1633 739 1708 sunt,
772 1646 837 1691 non
870 1626 965 1691 morlo
994 1646 1059 1691 non
1086 1627 1187 1692 semel
1209 1646 1249 1692 ea
1277 1625 1433 1692 formula

292 1725 467 1808 invenitur,
496 1725 555 1791 sed
576 1745 619 1791 ne
640 1727 745 1793 omnis
768 1725 896 1809 quidem
920 1728 1097 1811 particulae
1119 1747 1207 1810 usus,
1230 1736 1265 1794 ut
1286 1728 1432 1811 quidem

293 1835 491 1911 perteneat,
519 1825 683 1910 perlectus
705 1836 765 1910 est,
788 1828 847 1893 sed
870 1828 994 1914 exiguis
1017 1829 1134 1895 finibus
1158 1832 1362 1911 continetur3
1391 1827 1431 1891 id

294 1929 379 2014 quod
410 1928 617 2014 perspicuum
650 1936 709 2009 est,
750 1949 824 1994 oum
856 1932 964 1996 omnia
997 1930 1076 2013 fere,
1115 1930 1228 2013 paucis
1261 1928 1432 2012 exceptis,

293 2030 444 2113 exempla
476 2048 580 2113 genus
612 2030 693 2095 illud
730 2031 909 2114 particulae
940 2033 1217 2112 continuativum‚
1255 2030 1348 2115 quod
1391 2030 1429 2094 in

293 2131 500 2199 revocatione
530 2131 658 2214 legitur,
685 2130 916 2198 demonstrent.
964 2132 1088 2212 Quodsi
1115 2152 1187 2200 cum
1216 2133 1264 2199 eis
1292 2134 1430 2215 primos

293 2233 335 2299 de
367 2232 574 2316 philosophia
606 2233 706 2298 libros
734 2240 768 2297 et
794 2252 867 2298 eum
894 2233 948 2317 qui
969 2234 1204 2300 Oeconomicus
1230 2231 1431 2298 inscribitur

293 2342 326 2400 et
347 2334 495 2399 Platonis
517 2335 729 2417 Protagoram
752 2352 944 2398 conversum
967 2335 1182 2415 conferemus,
1210 2335 1297 2399 idem
1323 2340 1431 2415 atque

292 2437 325 2502 in
349 2438 416 2502 illis
439 2437 530 2501 libris
552 2435 765 2501 inveniemus.
810 2435 859 2499 Ac
874 2453 916 2499 ne
929 2434 1010 2500 illud
1025 2437 1156 2518 quidem
1176 2432 1429 2518 neglegendum

292 2545 354 2620 est,
377 2536 463 2619 quod
487 2538 598 2604 Cicero
621 2535 654 2601 in
677 2535 725 2600 eis
749 2537 910 2620 epistulis,
933 2556 1014 2620 quas
1036 2546 1070 2602 et
1090 2541 1133 2601 ad
1153 2537 1298 2602 Atticum
1324 2542 1360 2601 et
1381 2537 1429 2599 ad

293 2634 474 2707 familiares
496 2656 597 2720 usque
619 2636 662 2701 ad
684 2657 807 2703 annum
828 2638 916 2703 urbis
947 2639 1214 2704 sexcentesimum
1244 2635 1428 2718 nonagesi-

292 2762 381 2808 mum
404 2748 552 2824 quartum
584 2737 724 2821 scripsit,
754 2735 1040 2821 ‘quiquidem‘
1072 2758 1136 2803 non
1170 2737 1354 2824 usurpavit,
1391 2734 1428 2800 id

293 2843 381 2928 quod
414 2843 552 2908 fortasse
586 2840 675 2906 casui
708 2858 775 2903 non
811 2837 1013 2903 tribuendum
1046 2847 1103 2904 est
1158 2839 1227 2905 Nec
1257 2839 1359 2903 aliter
1372 2862 1376 2869 ’
1391 2837 1427 2900 in

292 2944 504 3025 orationibus,
525 2961 608 3026 quas
622 2959 729 3024 usque
744 2938 787 3003 ad
803 2957 876 3003 eum
898 2958 1017 3003 annum
1039 2939 1160 3021 habuit,
1183 2959 1235 3007 res
1256 2939 1428 3007 sehabet:

291 3069 379 3128 nam,
416 3044 446 3112 si
469 3044 652 3110 orationum
688 3039 891 3107 voluminum
934 3040 1187 3122 magnitudinem
1216 3040 1426 3125 respicimus,

291 3149 458 3217 orationes
486 3145 604 3227 viginti
631 3163 689 3208 sex
720 3140 884 3206 anteana
912 3138 1038 3204 habitas
1067 3141 1101 3203 in
1125 3141 1247 3205 Halmii
1278 3140 1425 3208 editione

290 3252 433 3337 paginas
469 3247 695 3330 septingentas
731 3242 803 3305 fere
838 3239 1017 3321 nonaginta
1052 3241 1210 3324 quinque,
1253 3242 1425 3308 orationes

289 3354 429 3438 triginta
449 3356 567 3434 postea
595 3343 725 3410 habitas
757 3348 930 3406 sexcentas
957 3342 1127 3421 sexaginta
1156 3349 1307 3423 quattuor
1336 3361 1425 3409 oom-

290 3453 391 3540 pleeti
422 3449 613 3525 videbimus,
643 3451 679 3509 ut
707 3442 807 3508 facile
837 3439 1001 3522 longiores
1030 3440 1205 3520 orationes,
1234 3461 1315 3524 quas
1347 3450 1424 3507 ante

289 3558 354 3624 694
387 3549 511 3632 habuit,
544 3547 647 3612 fuisse
681 3542 904 3624 intellegatur.
957 3541 1110 3605 Attamen
1140 3540 1173 3606 in
1206 3542 1322 3626 primis
1357 3543 1423 3608 illis

289 3652 493 3724 orationibus
516 3648 600 3732 ‘qui
627 3643 805 3730 quidem’
835 3641 975 3708 formula
1005 3642 1103 3705 multo
1130 3642 1234 3707 rarius
1263 3661 1362 3724 quam
1388 3643 1422 3708 in

289 3754 433 3845 posteris
464 3752 638 3831 invenitur,
673 3755 718 3828 ut,
753 3745 782 3809 si
816 3759 989 3807 numerare
1020 3740 1135 3822 placet,
1173 3742 1207 3806 in
1238 3741 1305 3806 illis
1341 3744 1421 3824 ‘qui

289 3855 472 3946 quidem'
508 3851 636 3919 circiter
670 3845 788 3930 viginti
817 3863 885 3922 sex,
920 3842 955 3905 in
987 3839 1037 3904 his
1071 3840 1196 3906 circiter
1227 3848 1359 3907 centum
1391 3853 1423 3910 et

289 3962 418 4027 duobus
433 3954 515 4019 locis
530 3952 669 4033 legatur,
681 3954 726 4029 ut,
738 3946 768 4011 si
779 3942 899 4026 viginti
911 3960 969 4006 sex
984 3937 1138 4004 formulae
1154 3942 1229 4023 ‘qui
1244 3941 1421 4022 quidem'

289 4058 441 4143 exempla
477 4052 616 4137 singulis
650 4046 856 4114 orationibus
890 4038 1131 4117 attubuuntur,
1161 4040 1193 4102 in
1230 4060 1420 4125 unaquaque

288 4164 439 4232 oratione
462 4153 575 4238 semel,
606 4151 641 4216 in
663 4146 806 4230 posteris
834 4143 911 4225 plus
934 4156 1028 4220 quam
1049 4145 1099 4201 ter
1119 4139 1312 4204 inveniatur.
1358 4142 1420 4207 Sed

288 4267 400 4344 otiam,
418 4259 447 4326 si
463 4258 552 4324 hunc
563 4246 755 4339 explicandi
771 4242 905 4309 modum
921 4235 1105 4318 omittimus,
1123 4238 1226 4304 omnis
1241 4240 1420 4322 particulae
