3016 4864
612 326 692 390 ’17

220 511 271 574 Ac
292 528 340 587 ne,
349 507 531 575 coniunctio
546 507 604 573 illa
618 508 748 591 quidem
763 509 943 594 particulae
958 530 1031 576 cum
1043 513 1232 594 pronomine

110 609 251 676 relativo
267 610 420 676 Varrroni
442 608 528 674 haud
550 617 627 676 nota
649 619 709 693 est,
729 630 804 675 uam
828 611 1044 696 compluribus
1063 613 1145 680 locis
1159 633 1232 680 eam

108 720 168 777 aut
186 712 336 796 legimus,
358 718 414 777 aut
436 710 564 777 codices
586 712 751 795 praebent,
774 731 967 796 quamquam
988 715 1029 779 ab
1044 715 1230 795 editoribus,

108 821 148 879 ut
176 832 275 898 supra
307 814 453 893 diximus,
486 812 647 878 interdum
674 812 846 896 repudiata
868 822 927 880 est.
972 814 1047 892 Sed,
1073 815 1231 900 siquidem

106 915 268 982 Varronis
290 914 450 981 scribendi
472 914 630 981 rationem
653 914 741 980 etin
763 913 855 981 libris
877 914 918 980 de
940 915 1052 1001 lingua
1073 917 1176 985 latina
1198 926 1231 983 et

107 1018 152 1082 de
176 1037 210 1083 re
232 1018 354 1084 rustica
376 1017 505 1101 scriptis
528 1015 677 1081 subtilius
699 1017 977 1099 perscrutabimur,
999 1019 1028 1083 is
1051 1018 1230 1102 particulae

108 1138 188 1185 usus
210 1119 303 1185 nobis
326 1118 482 1184 mirabilis
504 1137 568 1183 non
591 1117 761 1195 videbitur,
782 1119 934 1200 quoniam
957 1138 1028 1186 cum
1041 1119 1108 1183 alia
1121 1120 1231 1203 verba,

109 1240 195 1303 quac
217 1220 356 1287 eundem
388 1240 503 1287 sonum
536 1219 690 1303 referunt,
723 1227 790 1284 tum
821 1239 871 1300 ea,
907 1240 990 1303 quae
1016 1240 1036 1285 a
1059 1220 1167 1286 littera
1189 1223 1229 1304 ‘q'

108 1322 279 1406 incipiunt,
302 1323 515 1388 libentissime
536 1321 626 1386 iuxta
646 1321 762 1404 posuit,
784 1321 817 1386 id
833 1321 919 1405 quod
933 1321 1036 1387 multa
1055 1324 1230 1389 ostendunt

109 1425 260 1508 exempla
289 1432 325 1490 ut
350 1424 390 1490 dc
417 1445 442 1489 r.
470 1444 495 1489 r.
524 1424 549 1504 I,
573 1424 601 1488 1.
645 1422 777 1501 Quare
800 1424 997 1506 quoniam.
1047 1423 1111 1490 ibd.
1140 1426 1228 1508 4,1:

108 1545 223 1608 quam
245 1526 346 1608 quod
368 1536 429 1592 cto.
445 1533 506 1592 etc.
547 1525 589 1590 de
617 1524 637 1589 l.
660 1524 681 1589 1.
705 1524 742 1603 V,
765 1527 798 1590 l:
821 1544 919 1609 quae
941 1525 1140 1609 quoniam.
1162 1526 1227 1593 ibd.

109 1625 652 1712 quemadmodumqnodque.
674 1626 738 1692 ibtl.
761 1645 877 1708 quam
899 1645 1007 1708 quae.
1034 1627 1099 1692 ibd.
1126 1646 1228 1710 quae

110 1730 214 1811 quod
236 1734 438 1814 quattuor.

214 1831 326 1913 Itaque
349 1831 450 1896 tribus
472 1830 553 1896 locis
579 1829 683 1911 iisque
705 1830 766 1895 111.
788 1830 817 1913 7,
839 1831 872 1913 63
900 1830 929 1910 7,
953 1830 986 1907 73
1010 1832 1061 1911 16,
1083 1830 1105 1895 5
1129 1848 1228 1897 causa

108 1931 187 1996 milri
213 1952 378 1998 essenon
405 1932 544 2014 videtur,
574 1950 631 1996 cur
656 1930 797 1997 editores
826 1931 1018 2016 particulam
1044 1934 1227 2016 pronomini

107 2034 245 2100 relativo
268 2034 451 2118 oppositam
474 2034 654 2114 reiecerint,
678 2034 870 2117 praesertim
893 2032 1022 2116 quidem
1038 2052 1111 2098 cum
1126 2035 1227 2100 omni-

106 2135 165 2201 bus
188 2136 269 2202 lucis
291 2143 325 2201 et
346 2136 473 2202 codices
496 2135 555 2201 bas
577 2135 734 2202 lectiones
752 2137 941 2218 praebeant,
964 2143 997 2200 et
1015 2136 1122 2202 verbis
1138 2137 1227 2203 clara

106 2245 139 2304 et
161 2240 242 2304 satis
264 2239 348 2303 bona
370 2237 545 2304 subiciatur
567 2237 739 2303 sententia.

211 2342 319 2425 Atque
340 2339 456 2406 iisdem
478 2338 548 2404 iere
563 2339 760 2425 temporibus
777 2337 815 2402 D.
831 2338 1032 2419 Laberius,
1057 2337 1226 2406 mimorum

104 2450 212 2526 poeta,
246 2442 384 2525 scripsit,
406 2441 497 2506 cuius
519 2442 684 2524 reliquiae,
710 2460 783 2505 cum
805 2440 944 2524 pusillae
967 2441 1033 2507 sint
1054 2460 1115 2506 nec
1136 2442 1227 2524 quid·

103 2563 199 2628 quam
222 2544 307 2627 nori,
337 2543 421 2627 quod
442 2542 490 2611 ad
516 2543 749 2626 amplificatum
775 2542 955 2626 particulae
981 2562 1075 2609 usum
1098 2545 1225 2628 attinet,

102 2646 293 2729 praebeant,
321 2665 387 2711 non
410 2645 520 2728 magni
542 2652 619 2710 sunt
636 2645 804 2711 momenti:
827 2646 860 2710 in
876 2645 916 2711 iis
932 2646 1020 2711 enim
1041 2647 1223 2728 ‘quidem’

103 2747 206 2812 semel
242 2767 315 2814 oum
350 2746 541 2830 pronomine
571 2747 705 2813 relativo
731 2734 936 2813 coniunctum
962 2748 1049 2830 apud
1083 2748 1223 2815 Nonium

102 2850 154 2932 64,
179 2853 217 2915 ll
241 2850 369 2934 legitur,
392 2868 465 2914 oum
485 2849 588 2915 altero
611 2850 691 2932 loco,
717 2868 812 2931 quem
835 2848 921 2932 apud
942 2849 1083 2915 Nonium
1106 2852 1159 2933 84,
1182 2853 1222 2919 13

101 2950 253 3034 legimus,
275 2951 323 3016 ‘si
346 2951 513 3036 qnidcm'
535 2950 769 3018 Fleckeisenus
791 2951 1039 3017 commendavit

206 3055 314 3135 Atque
343 3059 547 3118 transeamus
568 3052 611 3118 ad
634 3051 853 3132 Gaesarem,
891 3053 955 3135 qui,
986 3074 1058 3119 cum
1094 3064 1224 3139 praeter

102 3153 291 3220 Ciceronem
328 3153 417 3219 illius
460 3154 578 3221 aetatis
620 3154 811 3237 scriptorum
844 3155 1038 3237 praesertim
1068 3158 1223 3224 orationis

101 3255 228 3321 solutae
263 3255 414 3340 princeps
441 3263 474 3321 et
500 3276 559 3340 pro
586 3256 704 3341 amplis
736 3257 977 3322 commentariis
1003 3265 1035 3322 et
1060 3278 1119 3342 pro
1146 3260 1221 3325 scri·

100 3356 198 3423 bendi
220 3363 392 3423 venustate
407 3358 573 3424 rarissime
595 3358 751 3443 posuerit,
771 3394 813 3406 --
835 3378 911 3423 nam
935 3359 968 3423 in
990 3358 1052 3425 V11
1074 3359 1115 3427 de
1138 3361 1223 3427 bello

58 3544 62 3551 .
100 3459 227 3525 Gallico
264 3461 503 3526 commentariis
543 3460 736 3540 tredeciens,
772 3461 805 3524 in
834 3460 936 3526 tribus
963 3459 1004 3526 de
1027 3460 1112 3527 bello
1134 3462 1221 3528 civili

99 3561 191 3627 libris
229 3563 354 3627 octiens
390 3563 547 3646 particula
575 3561 759 3645 ‘quidem’
789 3580 866 3627 usus
901 3568 953 3626 cst
977 3597 1018 3609 —-
1044 3564 1222 3646 particulae

100 3682 193 3728 usum
229 3664 327 3746 plane
363 3684 428 3728 non
456 3664 679 3748 amplificavit.
736 3663 775 3728 In
803 3662 1043 3728 commentariis
1072 3665 1158 3729 enim
1181 3665 1221 3732 de

99 3766 184 3831 bello
208 3765 333 3832 Gallico
360 3765 489 3849 scriptis
518 3767 619 3833 tribus
646 3765 726 3832 loeis
748 3763 927 3848 particulae
953 3763 1004 3829 vis
1027 3765 1086 3829 illa
1107 3765 1221 3832 adver-

98 3869 214 3949 sativa,
249 3886 346 3950 qaam
381 3867 468 3950 apud
495 3867 684 3935 (liceronem
711 3866 797 3932 haud
834 3885 908 3931 raro
940 3866 1119 3950 particulae
1145 3869 1218 3934 sub·

98 3970 216 4036 lectam
238 3987 312 4034 esse
338 3968 578 4053 intellegemus,
615 3970 717 4036 semel
749 3968 845 4051 idque
872 3967 943 4034 VIl.
968 3968 1018 4048 ll,
1042 3969 1094 4048 14,
1132 3968 1217 4035 idem

97 4092 137 4138 ac
159 4072 320 4137 ‘tamen’
345 4071 443 4153 valet,
479 4072 581 4137 semel
603 4074 651 4137 ‘si
674 4069 841 4153 quidem’
864 4067 934 4133 ‘da
951 4068 1006 4153 ja’
1028 4069 1219 4152 significans

96 4173 270 4259 reperitur,
292 4179 341 4237 ter
363 4173 413 4238 vis
435 4175 636 4259 restringens
657 4173 689 4236 ei
710 4171 855 4238 subiecta
874 4179 939 4250 cst3
963 4171 1096 4254 reliquis
1111 4179 1220 4239 autem

96 4278 198 4343 tribus
221 4276 301 4342 locis
329 4275 516 4356 ‘quidem’
550 4294 623 4341 cum
644 4274 835 4358 pronomine
857 4272 993 4338 relativo
1017 4275 1220 4341 coniunctum

1007 4393 1025 4449 2
