3016 4864
843 323 882 388 16

303 508 367 573 lem
395 506 626 591 particularum
646 508 921 591 compositionem,
949 509 1140 592 praesertim
1170 528 1242 575 cum
1266 505 1420 573 Handius

303 631 375 676 earn
398 611 586 694 neglexerit,
621 629 702 693 quae
725 609 812 675 idem
835 630 874 675 ac
903 609 962 676 ‘sic
984 612 1063 678 item'
1096 613 1210 679 valens
1239 610 1420 677 invenitur:

304 713 345 779 de
367 713 389 779 l.
411 714 434 780 l.
460 714 514 796 VI,
538 713 567 793 7,
590 714 640 794 70,
663 712 703 778 de
725 732 748 776 r.
772 733 797 778 r.
819 714 842 794 l,
865 715 916 795 22,
939 715 968 780 5.

408 814 452 879 Et
469 813 570 880 ‘item
594 811 696 882 sicut’
723 815 842 897 legitur
863 817 904 882 de
926 817 946 880 l.
968 816 988 881 l.
1012 817 1069 898 IX,
1090 817 1141 903 59,
1165 817 1235 885 154.

406 919 511 1000 Atque
533 920 615 983 haec
630 917 759 1000 quidem
774 917 940 1003 haetenus,
963 919 1131 985 videamus
1145 940 1241 1002 nunc,
1257 919 1419 1002 quomodo

301 1019 384 1084 alter
405 1019 505 1102 locus,
533 1039 596 1102 quo
615 1018 779 1102 ‘quidem’
805 1021 931 1086 codices
959 1022 1123 1105 praebent,
1151 1021 1338 1088 scribendus
1362 1022 1420 1089 sib

301 1122 392 1186 Alter
416 1122 501 1186 enim
523 1123 614 1187 locus
635 1122 799 1189 invenitur
820 1123 861 1188 de
873 1123 892 1188 l.
911 1123 933 1188 l.
952 1123 1016 1205 Vll,
1027 1126 1057 1209 3,
1079 1125 1134 1190 ubi
1147 1125 1278 1209 legiturz
1296 1122 1420 1207 ‘Apud

301 1223 490 1289 Lucilium
512 1223 682 1308 quidem’,

474 1327 590 1412 Thyno
614 1333 708 1411 capto
730 1328 851 1395 corium
873 1328 1045 1395 excludunt
1065 1332 1151 1396 toras
1175 1337 1234 1396 eto.

358 1448 363 1458 ·
407 1429 517 1496 Codex
549 1429 753 1495 Florentinus
796 1437 829 1496 et
860 1431 1057 1497 Havniensis
1098 1432 1160 1497 boc
1199 1433 1271 1499 loco
1304 1431 1419 1516 ‘apud

300 1532 489 1598 Lucilium
525 1531 680 1616 quidem'
718 1533 890 1598 lectionem
922 1535 1095 1619 praebent,
1137 1535 1287 1599 Turnebi·
1312 1534 1419 1600 codex

296 1633 405 1719 ‘apud
428 1636 616 1702 Lucilium
639 1633 817 1716 Quidam',
837 1635 948 1719 ‘apud
970 1634 1164 1703 Lucilium’
1192 1638 1315 1720 reliqui.

406 1740 544 1806 Etiamsi
567 1739 594 1804 is
617 1739 795 1822 particulae
814 1736 981 1820 ‘quidem’
1008 1760 1085 1805 usus
1108 1739 1194 1824 apud
1214 1739 1417 1822 Ciceronem,

299 1848 334 1905 ut
355 1841 440 1907 infra
461 1842 652 1921 videbimus,
675 1840 762 1905 baud
784 1861 875 1907 rarus
898 1840 954 1905 ille
982 1840 1111 1923 quidem
1138 1848 1198 1925 est,
1220 1842 1278 1907 sed
1301 1842 1417 1907 Cicero

299 1942 342 2008 ad
364 1964 432 2009 rem
454 1944 678 2011 illustrandam
707 1951 880 2026 notumque
902 1943 1116 2009 inducendum
1139 1944 1243 2010 rirum
1265 1964 1344 2028 prae
1366 1964 1418 2011 ce-

299 2046 376 2112 teris
405 2046 569 2130 particulis
604 2048 635 2111 in
665 2046 821 2129 exemplis
849 2045 1050 2129 proterendis
1069 2044 1239 2128 ‘quidem'
1271 2057 1416 2131 usurpat,

298 2156 426 2231 tamen,
464 2150 492 2215 si
528 2150 682 2215 Varronis
723 2148 882 2214 scribendi
919 2148 1078 2214 rationem
1114 2150 1415 2233 contemplabimur,

295 2249 463 2333 ‘quidem’
489 2253 564 2319 binc
584 2272 657 2318 esse
673 2250 882 2332 reiciendum,
903 2250 1079 2315 verisimile
1101 2259 1160 2317 est.
1205 2252 1306 2317 Varro
1327 2252 1416 2318 enim

299 2372 359 2419 neo
380 2354 412 2418 in
446 2355 537 2420 libris
570 2357 625 2439 qui
656 2363 731 2421 ante
761 2353 846 2417 hunc
878 2354 983 2420 locum
1007 2372 1067 2417 nec
1090 2353 1143 2435 qui
1167 2362 1280 2436 postea
1302 2355 1415 2438 scripti

299 2463 382 2536 sunt,
405 2476 533 2539 umqum
558 2459 591 2523 id
619 2457 758 2542 exempli
792 2455 950 2521 afferendi
971 2474 1074 2538 genus
1097 2456 1214 2539 posuit,
1237 2458 1295 2522 sed
1317 2458 1414 2540 vulgo

296 2557 465 2641 ‘quidem'
507 2559 623 2643 omisit,
653 2566 688 2625 ut
718 2557 1003 2624 innumerabilibus
1035 2557 1129 2640 quasi
1155 2557 1234 2624 locis
1266 2559 1413 2644 legamus

298 2663 355 2726 aut
392 2660 582 2729 ‘Lucilius
624 2662 792 2745 Ennius,
833 2658 1005 2725 Plautus’
1054 2661 1182 2743 aliaque
1222 2663 1414 2746 scriptorum

298 2763 431 2829 nomina
461 2772 525 2848 aut,
558 2764 592 2830 id
622 2765 707 2847 quod
733 2764 873 2847 saepius,
899 2763 1072 2843 invenitur,
1092 2762 1214 2846 ‘apud
1236 2763 1413 2846 Ennium,

298 2865 399 2950 apud
420 2866 607 2947 Plautum,
644 2861 967 2950 apudNaevium'
1008 2871 1040 2930 et
1071 2883 1112 2929 ne
1142 2867 1246 2931 semel
1285 2866 1414 2949 quidem

296 2967 406 3053 ‘apud
419 2969 586 3034 Ennium
600 2965 776 3052 quidem’,
793 2975 827 3033 ut
841 2967 1053 3033 admiratione
1068 2967 1207 3051 quadam
1223 2967 1412 3050 afficiamur,

298 3072 382 3154 quod
404 3091 443 3137 eo
466 3073 537 3138 loeo
556 3069 728 3154 ‘quidemr'
756 3070 938 3155 appositum
961 3078 1021 3137 est.

404 3173 469 3241 Sed
499 3194 651 3257 magnum
684 3183 734 3240 est
762 3174 935 3239 discrimen
958 3172 1042 3238 inter
1063 3173 1217 3240 Varronis
1240 3173 1280 3239 de
1302 3174 1414 3256 lingua

298 3278 401 3343 latina
433 3287 465 3343 et
502 3277 542 3342 de
572 3297 606 3342 re
636 3277 756 3341 rustica
784 3276 894 3355 libros,
922 3295 994 3341 eum
1015 3275 1117 3341 Varro
1144 3276 1291 3342 inlibris
1315 3276 1413 3341 dere

297 3381 417 3446 rustica
443 3380 633 3465 particulam
663 3386 696 3443 et
723 3378 822 3443 multo
849 3378 979 3460 saepius
1008 3385 1040 3444 et
1070 3379 1169 3443 multo
1197 3379 1301 3460 magis
1324 3378 1413 3443 varie

298 3484 455 3566 posuerit:
478 3502 552 3547 nam
569 3484 601 3546 in
618 3482 717 3547 tribus
735 3479 824 3546 libris
840 3479 1103 3563 quattuordecim,
1124 3481 1189 3546 nisi
1205 3478 1310 3561 fallor,
1332 3480 1413 3546 locis

294 3583 463 3667 ‘quidem'
488 3584 616 3650 codices
631 3584 797 3667 praebent,
814 3582 941 3648 etiamsi
958 3582 991 3645 in
1015 3580 1206 3647 Schneideri
1222 3582 1411 3665 soriptorum

295 3687 343 3752 rei
366 3687 505 3755 rusticae
528 3686 669 3751 editione
689 3684 919 3768 ter‘quidem'
941 3683 1095 3749 reiectum
1110 3691 1169 3750 est.
1213 3684 1414 3767 Quamquam

297 3797 405 3855 autem
434 3786 606 3873 ‘quidem'
647 3809 712 3854 non
744 3786 935 3871 saepissime
958 3786 1090 3868 legitur,
1118 3793 1226 3852 tamen
1247 3787 1313 3852 iam
1335 3806 1413 3853 usus

295 3913 417 3978 genera
439 3892 654 3974 inveniuntur,
691 3910 774 3973 quae
797 3889 883 3973 apud
906 3889 1096 3953 Ciceronem
1125 3889 1212 3954 baud
1233 3910 1307 3954 rara
1328 3898 1412 3975 sunt,

297 4002 331 4059 ut
349 3991 524 4078 ‘quidem'
564 3994 597 4058 in
630 3992 822 4058 elevationis
852 3991 909 4056 illa
930 3990 1069 4056 formula
1091 3992 1227 4075 aliisque
1249 3991 1413 4072 transitus,

296 4117 376 4180 quas
388 4116 575 4162 enumerare
586 4097 718 4178 longum
731 4102 790 4178 est,
805 4093 950 4160 formulis
961 4092 1176 4176 reperiamus:
1199 4113 1293 4178 porro
1305 4101 1412 4159 autem

292 4197 340 4265 ‘si
369 4196 535 4282 quidem'
576 4198 654 4263 item
686 4197 769 4280 quod
799 4195 970 4280 ‘quoniam’
1005 4195 1074 4261 sive
1104 4193 1210 4279 ‘nam',
1243 4196 1277 4261 in
1299 4195 1412 4281 quinto

297 4301 371 4368 libri
393 4302 526 4369 alterius
552 4301 657 4385 capite
680 4300 713 4365 in
736 4299 986 4385 reprehensione
1007 4298 1206 4381 restringens
1233 4304 1413 4381 usurpatur.
