3016 4864
653 338 695 404 23

108 519 298 602 restringat.
343 521 512 587 Sententia
534 530 641 587 antem
664 532 730 588 tum
753 523 882 607 quidem
898 524 1085 608 plerumque
1100 525 1231 591 notione
1295 580 1298 585 ,

112 621 322 687 adversativa
344 632 404 703 est,
434 632 468 689 ut
493 624 651 708 particula
678 645 734 709 per
754 624 1036 708 .‘wenigstens'
1070 626 1230 692 reddatur.
1260 624 1263 630 ’

221 725 319 792 Cuius
346 745 434 805 naus,
465 745 537 790 eum
565 726 661 792 facile
687 727 825 810 plurima
851 715 998 812 exempla
1025 728 1112 812 apud
1140 728 1232 794 Oine·

113 851 226 897 ronem
258 827 397 894 inveniri
426 828 535 894 dicere
562 828 670 908 liceat,
697 829 788 894 nesio
821 850 862 893 an
894 830 940 894 ita
968 830 1087 895 laetum
1115 831 1168 909 sit,
1196 839 1231 896 ut

113 933 237 1015 Cicero,
267 930 417 1014 quoniam
446 925 573 1013 quidem
601 931 705 1013 magis
734 933 902 1014 magisque
931 952 995 997 nou
1019 951 1078 997 suo
1106 930 1225 998 indicio
1314 1000 1317 1007 ,

112 1034 280 1109 iudicavit,
295 1032 364 1111 sed,
379 1031 567 1114 ubicumque
590 1032 660 1097 fieri
676 1033 803 1116 licebat,
825 1033 857 1097 id
874 1034 1014 1114 retinuit,
1037 1035 1231 1100 sententiam

112 1156 206 1202 suam
215 1135 306 1218 quasi
316 1134 543 1199 modestiorem
554 1133 736 1199 redditurus
745 1155 783 1200 ae
792 1136 1007 1214 restricturus,
1021 1134 1229 1220 ei‘quidem'

113 1238 253 1321 addidit,
276 1236 309 1301 id
330 1237 414 1321 quod
437 1243 544 1300 aetate
578 1237 771 1319 procedente
804 1253 917 1320 paene.
940 1238 974 1302 in
1007 1237 1078 1303 dies
1100 1239 1230 1322 saepius

107 1340 160 1405 nt.
205 1339 354 1405 Getarum
376 1345 485 1402 autem
507 1338 588 1403 haee
609 1339 658 1404 vis
681 1339 714 1403 in
737 1340 847 1403 omnia
867 1338 936 1404 fere
955 1340 1132 1423 partiendae
1153 1360 1230 1406 usus

111 1462 236 1524 genera
250 1442 376 1519 transit,
398 1448 434 1504 ut
447 1447 545 1522 reete,
561 1458 632 1504 eam
649 1440 734 1524 apud
750 1438 938 1506 Ciceronem
962 1461 1035 1507 esse
1053 1442 1231 1526 propriam,

114 1544 223 1609 dicere
246 1541 324 1607 milri
346 1542 453 1608 liceat.

220 1645 288 1711 Nee
310 1645 410 1709 multo
433 1644 527 1709 aliter
544 1644 576 1708 in
599 1643 735 1709 aliorum
755 1654 919 1710 anctorum
944 1645 1070 1730 seriptis
1086 1665 1122 1711 se
1136 1645 1234 1710 habet

114 1767 177 1829 res,
206 1765 276 1812 eum
301 1766 414 1812 omnes
436 1746 504 1811 iere
527 1746 579 1811 vel
601 1746 740 1830 plurima
762 1746 855 1814 huius
879 1748 1055 1832 particulae
1077 1767 1155 1813 usus
1174 1767 1232 1831 ge·

112 1849 202 1913 ueris
225 1847 373 1930 exempla
393 1848 578 1931 praebeant,
611 1857 645 1912 ut
667 1848 764 1913 facile
787 1858 873 1914 reete
895 1849 1030 1933 dicatur,
1064 1870 1136 1914 eam
1161 1868 1233 1933 par·

113 1951 231 2017 tieulae
254 1949 442 2033 ‘quidem'
469 1950 739 2032 significationem
762 1952 904 2016 omnium
918 1952 1124 2017 veterrimam
1148 1970 1232 2031 esse,

114 2068 230 2136 neque,
257 2062 291 2116 ut
313 2052 441 2135 quidem
463 2051 639 2117 Foreelliui
661 2052 760 2118 totius
781 2052 952 2119 latinitatis
975 2054 1069 2120 lexici
1092 2054 1234 2119 editores

115 2154 265 2220 videntur
287 2163 410 2238 putare,
433 2152 673 2219 affirmativam.

220 2257 344 2339 Itaque,
368 2256 518 2338 quoniam
541 2257 672 2339 longum
696 2263 755 2339 est,
778 2256 896 2339 emnia,
919 2256 1032 2340 quibus
1059 2257 1141 2323 haec
1162 2257 1235 2322 suh-

116 2358 203 2423 ieeta
225 2363 277 2424 est
290 2355 471 2442 particulae
493 2360 554 2438 vis,
575 2358 773 2443 perscribere
795 2359 953 2442 exempla,
975 2378 1081 2443 panea
1101 2358 1236 2423 afferam

112 2468 148 2525 et
169 2461 226 2539 ita,
247 2462 292 2542 ut,
315 2460 573 2544 quandoquidem
596 2461 629 2524 id
652 2460 841 2544 significans
863 2461 1003 2526 maxime
1016 2478 1112 2546 prope
1126 2461 1236 2527 omnia

116 2564 259 2628 omnium
292 2565 516 2646 pronominum
543 2582 665 2646 genera
697 2581 873 2646 omnesque
899 2582 1049 2629 numeros
1078 2568 1112 2629 et
1140 2582 1235 2629 casus

116 2664 307 2748 ‘quidem'
330 2665 457 2747 legitur,
485 2665 683 2746 singulorum
707 2665 860 2750 deinceps
880 2666 1103 2750 pronominum
1127 2683 1236 2730 exem·

114 2767 171 2851 pla
192 2767 353 2852 proferam
376 2776 426 2832 ut:

438 2996 468 3078 I.
496 2979 690 3079 monumen
717 2996 910 3100 personale.

188 3228 191 3234 .
224 3177 280 3237 epo
294 3156 429 3237 quidem.
447 3151 552 3220 Plaut.
567 3153 659 3219 Asin.
675 3154 713 3235 V,
731 3160 759 3234 l,
777 3158 817 3223 15
830 3156 931 3241 (842).
954 3155 1069 3224 Bacch.
1086 3156 1123 3235 V,
1140 3156 1170 3236 2,
1185 3154 1236 3220 58.

117 3256 210 3322 Onro.
233 3257 258 3336 Ι,
281 3256 312 3334 3,
332 3255 382 3321 59.
410 3254 446 3333 V,
466 3256 498 3333 2,
523 3255 575 3322 20.
608 3256 674 3322 Mil.
697 3257 741 3340 gl.
770 3260 814 3338 ΙΙ,
837 3259 936 3339 ato.
970 3258 1052 3326 Men.
1075 3258 1118 3337 ΙΙ,
1140 3258 1171 3336 3,
1185 3256 1236 3321 48.

116 3358 170 3438 IV,
193 3359 223 3437 2,
239 3358 289 3424 49.
311 3358 342 3437 3,
358 3358 407 3423 10.
431 3357 467 3436 V,
491 3357 521 3433 9,
546 3359 595 3423 13.

228 3464 329 3524 Varro
350 3461 381 3526 d.
403 3460 423 3523 l.
444 3459 464 3522 t.
487 3461 552 3532 IX,
567 3461 618 3537 33,
662 3460 795 3527 Sallust.
818 3461 847 3527 J.
863 3463 915 3541 24,
931 3463 960 3528 9.
1005 3459 1145 3526 dicad.
1161 3458 1237 3524 fam.

116 3566 142 3643 I,
165 3565 196 3644 8,
210 3565 241 3629 2.
273 3564 318 3643 ΙΙ,
340 3563 369 3639 3,
386 3563 415 3626 3.
456 3559 528 3638 XII,
552 3562 581 3640 1,
599 3564 627 3639 l,
652 3562 703 3625 ad.
726 3555 792 3628 Att.
820 3560 876 3642 lX,
901 3564 952 3645 10,
966 3562 999 3628 5.
1026 3563 1076 3643 19,
1098 3563 1129 3628 2.
1151 3561 1237 3641 XVI,

117 3668 165 3733 16.
187 3665 229 3745 D,
254 3666 304 3730 ra
503 3676 504 3679 ’
1038 3710 1041 3713 ψ

225 3765 291 3833 Sed
315 3775 347 3830 ‘e
355 3784 404 3848 go
426 3763 594 3847 quidem’
616 3782 680 3828 nnn
711 3771 776 3829 tam
806 3782 917 3847 saepe,
938 3783 1033 3846 quam
1058 3765 1143 3832 aliae
1166 3785 1239 3849 pro·

118 3870 284 3935 nominum
327 3886 399 3932 eum
432 3865 616 3948 ‘quidem'
648 3865 910 3949 compositiones,
942 3866 1119 3947 iuvenitur,
1152 3867 1239 3952 quod

120 3970 232 4038 Cicero
278 3969 467 4052 plerumque
513 3968 650 4050 primam
702 3985 875 4051 personam
924 3986 982 4052 per
1028 3969 1238 4052 ,equidem'

118 4070 243 4157 premit.
1274 4110 1275 4113 =

223 4180 304 4240 milaa'
323 4174 455 4258 quidem.
477 4172 549 4237 Aul.
572 4172 748 4255 111,5,26.
780 4172 896 4256 Amph.
909 4174 953 4244 ΙΙ,
978 4175 1007 4254 1,
1022 4177 1074 4242 63.
1095 4176 1150 4258 ΙΙΙ,
1165 4175 1195 4257 4,
1209 4176 1240 4241 3.

118 4279 189 4347 Cas.
206 4277 244 4359 V,
259 4278 291 4358 4,
306 4278 357 4342 32.
381 4276 473 4344 Cure.
488 4278 543 4360 IV,
559 4278 589 4357 3,
607 4277 654 4346 15..
677 4277 794 4344 Bacch.
810 4277 853 4359 II,
870 4279 899 4358 1,
914 4279 947 4344 3.
964 4275 1031 4343 llil.
1046 4275 1089 4360 gl.
1106 4279 1151 4358 Il,
1164 4278 1195 4360 2,
1209 4278 1242 4345 3.
