3016 4864
826 265 866 329 18

287 453 347 524 est,
384 465 447 528 qua
474 449 705 532 compositione
737 448 892 514 transitus
921 467 1098 514 causatos
1125 451 1322 533 praemissae
1352 469 1415 514 ex·

286 548 457 634 plicantur.

392 651 461 719 Nec
494 652 588 716 aliter
622 652 781 735 particula
815 652 848 717 in
881 653 982 716 tribus
1016 651 1161 718 debello
1193 655 1282 719 civili
1315 655 1413 721 libris

287 754 420 836 legitur:
443 762 592 836 quattuor
614 755 699 817 enim
715 753 796 819 locis
811 754 914 837 iisque
935 755 976 820 II.
993 755 1042 835 17,
1058 756 1095 837 23
1110 757 1161 833 32,
1179 757 1227 820 11.
1248 756 1415 838 111.56‚2

287 855 353 921 ibd.
376 857 470 940 74,2
504 855 692 938 ‘quidem'
724 856 810 922 idem
831 858 901 921 fere
928 867 1024 939 atquc
1047 864 1204 934 ,autem‘
1227 859 1329 937 valet3
1368 879 1414 924 ex

289 967 448 1042 quattuor,
472 957 527 1040 qui
548 966 732 1039 supersunt,
754 959 834 1025 locis
857 958 920 1023 duo
943 959 1121 1042 explicant3
1145 978 1227 1024 unus
1249 960 1308 1024 111.
1323 960 1413 1032 66st

288 1061 381 1137 (item
402 1059 583 1142 explicans)
607 1058 790 1141 ‘quidem’
810 1080 867 1142 pro
891 1063 1008 1124 ‘nam’
1030 1061 1174 1144 praebet:

396 1161 454 1226 ‘Ita
477 1160 658 1244 complures
682 1161 751 1226 dies
775 1169 961 1227 manserant
983 1172 1102 1244 castra3
1125 1163 1319 1228 munitiones
1339 1165 1412 1246 qui·

294 1264 367 1329 dem
389 1281 502 1327 omnes
524 1264 670 1346 integrae
693 1263 802 1328 erant!

395 1367 433 1430 In
455 1372 571 1430 octavo
593 1374 700 1428 autem
724 1364 844 1431 Hirtii
878 1364 917 1428 de
952 1364 1036 1429 bello
1060 1365 1185 1430 Gallico
1218 1365 1299 1431 libro
1326 1368 1412 1433 nihil

290 1467 379 1533 aliud
401 1467 464 1530 nisi
489 1476 575 1529 ‘non
599 1466 768 1547 quidem’
790 1468 971 1532 invenimus
995 1476 1027 1530 et
1048 1467 1094 1530 ita
1117 1467 1257 1548 quidem,
1279 1473 1314 1534 ut
1336 1489 1411 1552 pro·

291 1588 408 1635 nomon
433 1567 731 1650 demonstrativum,
765 1569 850 1650 qnod
873 1569 986 1633 Cicero
1013 1569 1096 1633 inter
1117 1570 1294 1652 particulas
1318 1573 1411 1637 ‘non

290 1709 330 1719 -
356 1669 523 1753 quidem'
560 1670 744 1753 interponit,
781 1671 935 1735 omissum
970 1671 1023 1751 sit3
1061 1680 1095 1734 ut
1134 1671 1236 1754 praef.
1264 1673 1353 1753 VIII,
1380 1676 1413 1741 2.

293 1774 378 1851 vlit,
400 1774 453 1850 41,
475 1772 505 1837 ὃ.

397 1876 502 1956 Atque
528 1873 621 1939 belli
643 1873 904 1940 Alexandrini
928 1883 1061 1939 auctor
1084 1874 1265 1957 ‘quidem'
1294 1885 1411 1959 quater

192 2047 194 2050 Α
291 1978 399 2062 posuit
439 1977 499 2057 ita,
538 1984 572 2039 ut
608 1976 731 2039 duobus
772 1976 852 2040 locis
893 1974 926 2039 id
962 1975 1046 2057 quod
1082 1986 1157 2040 ante
1192 1977 1312 2042 dictum
1350 1992 1412 2061 est,

291 2080 468 2153 evolvatur,
505 2077 628 2142 duobus
664 2077 841 2161 particulae
877 2076 1062 2159 ‘quidem'
1100 2079 1150 2144 vis
1187 2080 1331 2146 subiecta
1359 2091 1411 2146 est

179 2229 181 2233 -
289 2180 504 2248 adversativa.

397 2282 472 2348 Jam
494 2299 571 2347 vero
592 2281 688 2345 belli
711 2279 866 2345 Africae
889 2283 1024 2346 auctor
1046 2282 1227 2364 ‘quidem’
1246 2284 1348 2348 semel
1364 2284 1410 2348 ita

291 2382 473 2468 usurpavit,
511 2392 545 2446 ut
581 2370 761 2465 oppositum
794 2383 918 2468 justam
955 2382 1076 2448 habens
1110 2383 1264 2448 formam·
1284 2385 1411 2468 legatur

292 2487 388 2569 idque
418 2484 581 2567 incapite
609 2485 835 2567 nonagesimo:
873 2490 918 2548 ‘se
944 2485 992 2550 eis
1018 2486 1175 2550 duntaxat
1202 2487 1302 2551 vitam
1331 2506 1409 2552 con·

293 2606 475 2667 cessurum3
506 2586 589 2651 bona
617 2586 767 2669 quidem
797 2605 906 2651 eorum
936 2606 972 2650 sc
1001 2588 1224 2652 venditurum’.

398 2689 466 2755 Nec
485 2675 787 2773 praetermittendus
803 2697 853 2752 est
874 2688 969 2752 belli
991 2688 1287 2773 Hispaniensis
1310 2689 1410 2754 scri·

291 2804 396 2880 plor,
419 2792 505 2875 apud
529 2811 624 2874 quem
646 2791 748 2855 semel
773 2791 938 2869 ‚utinam
960 2791 1132 2873 quidem‘
1156 2792 1302 2874 legimns.

400 2894 522 2974 Quibus
545 2894 639 2957 rebus
662 2892 817 2976 expositis
841 2900 950 2974 restat,
973 2903 1006 2957 ut
1027 2893 1137 2976 paucis
1155 2892 1272 2972 dicam,
1293 2893 1406 2959 Caesa·

293 3018 362 3064 rem
381 2995 572 3081 particulam
595 3015 666 3062 cnm
688 2994 879 3078 pronomine
902 2994 1038 3060 relativo
1060 3003 1211 3078 quattuor
1232 2994 1313 3060 locis
1335 3013 1408 3060 con-

294 3098 447 3177 iunxisse,
477 3115 559 3181 quos
582 3097 764 3163 accuratius
794 3098 854 3161 hoc
880 3096 951 3161 loco
973 3096 1167 3179 perscrutari
1198 3106 1309 3181 aptum
1336 3116 1408 3163 csso

294 3201 372 3266 mihi
395 3219 458 3264 non
482 3198 617 3263 videtur.

400 3299 523 3380 Quodsi
545 3309 652 3364 antem
676 3319 784 3365 rursus
808 3308 908 3363 toturn
932 3300 1219 3383 contemplabimur
1233 3300 1409 3384 particulae

294 3402 473 3489 ‘quidem’
504 3399 536 3464 in
561 3401 711 3466 Caesaris
735 3401 976 3466 commentariis
998 3420 1101 3479 usum,
1130 3402 1223 3466 nobis
1245 3403 1327 3467 satis
1350 3403 1410 3467 erit

296 3505 511 3589 perspicuum,
527 3503 702 3569 Caesarem
725 3504 916 3569 aCioero‘ne
939 3504 1036 3587 plane
1058 3503 1198 3585 differre,
1221 3523 1292 3568 cum
1315 3505 1408 3569 raris-

295 3608 377 3673 sime
400 3626 439 3671 ac
461 3605 698 3688 simplicissime
722 3606 843 3671 Caesar
865 3604 1042 3689 ‘quidem'
1075 3605 1227 3687 posuerit,
1262 3614 1297 3668 ut
1318 3606 1409 3689 copia

297 3709 354 3774 illa
377 3728 453 3773 usus
475 3726 641 3790 generum,
663 3726 745 3788 quae
768 3707 852 3791 apud
876 3708 1065 3772 Ciceronem
1088 3707 1305 3788 inveniuntur,
1327 3706 1410 3773 desi·
1485 3702 1486 3705 ’

296 3812 433 3876 deretur.

406 3912 472 3979 Sed
494 3914 590 3992 longe
613 3910 706 3974 aliter
728 3910 769 3975 de
803 3910 995 3975 Cornelio
1020 3910 1173 3993 Nepote
1204 3910 1407 3976 iudicandum

212 4017 214 4020 ⁴
298 4024 356 4080 est.
401 4015 434 4078 Is
457 4013 543 4078 enim
576 4012 736 4094 particula
757 4011 932 4094 ‘quidem'
965 4012 1168 4095 saepissime,
1201 4012 1408 4096 plurimisque

298 4118 378 4183 locis
400 4116 590 4181 Ciceronem
614 4113 768 4194 inritatus,
792 4133 868 4178 usus
902 4114 958 4178 ille
980 4114 1108 4196 quidem
1138 4121 1197 4194 est,
1221 4112 1279 4177 sed
1301 4123 1407 4180 tamen

298 4239 375 4285 usus
398 4218 586 4283 varietatem
610 4234 674 4280 non
697 4217 845 4298 praebet:
879 4236 954 4279 uam
983 4220 1024 4278 e'x
1045 4215 1135 4295 locis,
1158 4214 1271 4297 quibus
1294 4214 1409 4298 legitur
