3016 4864
814 345 854 411 12

276 534 402 611 togatas
424 529 613 613 composuit,
635 549 707 595 cum
724 531 869 611 multum,
890 530 973 614 quod
996 532 1125 616 quidem
1147 531 1189 596 ad
1209 550 1392 597 sermonem

276 631 399 714 attinet,
434 631 476 696 ad
498 631 693 697 familiarem
720 632 810 698 illum
835 632 941 698 Plauti
971 653 1006 699 se
1034 622 1256 718 applicaverit,
1292 633 1390 717 parti-

276 734 380 799 culam
403 734 579 818 usurpavit,
601 740 635 799 ut
657 736 799 800 locorum
822 734 927 814 trium,
950 735 983 799 in
1006 734 1119 818 quihus
1142 732 1318 818 ‘quidem'
1344 735 1390 800 le-

275 835 370 919 gitur,
392 836 496 920 primo
519 835 627 919 (frgm.
650 839 683 920 7)
705 837 887 921 exemplum
908 837 1088 920 particulae
1110 857 1181 902 cum
1200 837 1390 920 pronomine

275 937 410 1002 relativo
433 938 631 1018 coniunctae,
654 941 755 1006 altero
770 940 928 1005 formulae
951 938 1250 1005 cumadmiratione
1272 939 1391 1025 dictae,

276 1040 369 1104 tertio
391 1060 567 1123 pronomen
591 1040 878 1108 demonstrativum
900 1041 1077 1126 prementis
1099 1041 1261 1107 afferatur.

380 1145 486 1225 Atque
516 1144 550 1208 in
584 1145 691 1210 Sexti
711 1145 880 1229 Turpilii
912 1144 1039 1229 quidem
1073 1142 1201 1209 fabulae
1233 1144 1390 1228 palliatae

275 1244 419 1310 eiusdem
455 1247 572 1311 aetatis
607 1254 723 1329 poetae
760 1246 912 1331 reliquiis,
948 1246 1000 1312 nbi
1023 1245 1182 1329 particula
1205 1244 1394 1329 ‘quidem'-

274 1354 387 1429 qoater
402 1348 570 1431 reperitur,
593 1356 722 1433 praeter
740 1347 791 1414 ‘te
813 1349 978 1432 quidem,
1001 1348 1217 1432 siquidem,
1241 1348 1389 1430 quando

275 1449 441 1531 quidem,
464 1450 523 1515 hic
542 1448 713 1533 quidem',
729 1469 809 1532 quas
825 1450 1075 1534 compositiones
1090 1450 1154 1515 iam
1170 1449 1390 1534 cognovimus,

274 1551 354 1616 nihil
378 1551 453 1617 novi
475 1554 656 1635 praebetur.

381 1656 504 1733 Restat,
541 1662 575 1719 ut
601 1655 641 1719 de
669 1656 704 1720 L.
732 1655 863 1734 Accio,
897 1655 932 1718 L.
955 1655 1133 1737 Afranio,
1170 1653 1205 1719 O.
1239 1655 1389 1721 Lucilio

274 1755 389 1841 poetis,
413 1756 466 1839 qui
492 1757 621 1823 saeculo
644 1758 781 1841 septimo
804 1757 941 1841 fuerunt,
967 1776 1072 1840 pauca
1094 1757 1211 1838 dicam,
1238 1757 1390 1840 quoniam

275 1878 335 1923 nec
358 1859 389 1923 in
414 1859 510 1924 certis
533 1878 594 1923 nec
619 1858 650 1922 in
674 1859 807 1925 incertis
830 1879 940 1924 eorum
962 1859 1154 1941 fragmentis
1175 1877 1277 1924 novas
1292 1859 1390 1942 parti-

275 1961 366 2026 culae
398 1981 475 2026 usus
509 1961 652 2025 rationes
681 1962 873 2027 invenimus:
908 1961 1024 2029 Accius
1047 1962 1175 2044 quidem
1198 1961 1391 2044 particulam

276 2062 335 2142 bis,
350 2063 504 2127 Afranius
527 2083 700 2145 nunquam,
724 2061 757 2126 Ο.
780 2061 920 2128 Lucilius
943 2069 992 2127 ter·
1014 2066 1190 2147 usurpavit.

380 2165 446 2231 Sed
469 2185 532 2230 non
557 2166 651 2230 modo
677 2171 855 2249 poetarum,
891 2165 945 2247 qui
967 2172 1057 2231 sexto
1084 2174 1117 2231 et
1139 2165 1275 2250 septimo
1301 2167 1390 2233 urhis

274 2267 402 2332 saeculo
429 2266 567 2346 fuerunt,
601 2267 755 2349 reliquiae
783 2268 956 2332 memoriae
989 2275 1119 2334 nostrae
1146 2268 1284 2333 traditae
1306 2276 1390 2354 sunt,

274 2369 332 2434 scd
363 2369 460 2434 etiam
494 2369 619 2435 solutae
652 2369 807 2435 orationis
834 2369 1001 2454 scriptoris
1026 2370 1208 2453 fragmenta
1235 2391 1319 2438 nnnc
1345 2372 1389 2438 le·

273 2478 391 2555 guntur
413 2491 515 2554 eaque

380 2572 420 2639 M.
459 2573 588 2639 Porcii
626 2573 802 2653 Catonis,
843 2575 932 2658 cujus
973 2573 1130 2653 omniurn,
1171 2596 1254 2659 quae
1294 2597 1391 2660 prosa

273 2676 418 2740 oratione
441 2676 559 2760 scripta
581 2683 665 2755 sunt,
699 2694 830 2758 operum
852 2684 980 2759 praeter
1006 2675 1088 2741 alias
1117 2677 1271 2764 reliquias
1294 2679 1334 2745 de
1355 2700 1390 2747 re

273 2779 397 2844 rustica
419 2779 500 2843 liber
521 2777 637 2862 plenus
661 2778 715 2842 ille
738 2777 877 2860 quidem,
901 2779 959 2843 sed
982 2778 1176 2862 depravatus
1191 2801 1252 2848 nec
1266 2782 1392 2865 integer

273 2881 314 2945 ad
336 2901 395 2945 nos
429 2880 587 2965 pervenit,
623 2880 655 2944 in
691 2880 805 2962 quitus
831 2881 976 2963 reliquiis
1002 2882 1181 2965 particulae
1201 2882 1386 2966 ‘quidem’

273 2982 335 3046 duo
358 2982 421 3047 loci
445 2988 528 3063 sunt,
565 2982 651 3065 iique
684 2982 715 3046 in
750 2983 895 3047 oratione
927 3004 986 3069 pro
1008 2984 1243 3050 Rhodiensibus
1270 2985 1390 3068 habita,

273 3104 355 3168 quae
388 3084 478 3150 nobis
504 3086 536 3149 in
569 3085 738 3167 Originum
764 3086 837 3149 libri
863 3086 965 3168 quinti
995 3087 1128 3152 alterius
1156 3088 1271 3171 capitis
1299 3088 1390 3154 initio

272 3186 400 3270 prodita
422 3193 483 3251 est:
510 3187 648 3270 ‘Atque
673 3208 741 3271 ego
765 3187 913 3271 quidem
935 3186 1116 3254 arbitror'
1144 3196 1176 3253 ct
1197 3192 1230 3253 in
1253 3190 1326 3254 libri
1349 3190 1390 3256 de

272 3310 307 3354 re
323 3289 444 3354 rustica
469 3289 575 3374 capite
598 3291 774 3355 centesimo
789 3291 1054 3374 quinquagesimo
1069 3289 1208 3374 septimo
1222 3291 1392 3357 formulam

271 3391 319 3457 ‘si
352 3389 510 3474 quidem’
549 3390 675 3456 ‘wenn'
715 3389 952 3474 significantem
980 3393 1128 3474 legimus,
1159 3400 1193 3458 ut
1215 3394 1303 3458 illam
1327 3393 1390 3458 lor-

274 3495 394 3559 rnulam
417 3495 674 3578 antiquissimam
698 3513 771 3559 esse
794 3495 926 3559 nimium
950 3494 1070 3560 dictum
1093 3516 1158 3560 non
1180 3495 1230 3559 sit.

383 3597 505 3675 Quibus
529 3599 623 3662 rebus
646 3597 810 3679 expositio,
838 3598 989 3679 quoniam
1011 3596 1189 3682 particulae
1208 3596 1392 3680 ‘quidem'

276 3698 443 3763 historiam
477 3719 578 3782 usquc
613 3699 653 3763 ad
686 3698 852 3763 Ciceronis
884 3707 1030 3780 tempora
1062 3698 1199 3763 breviter
1233 3700 1394 3783 complexi

274 3820 395 3882 sumus,
432 3821 527 3881 nunc,
562 3800 720 3883 quomodo
757 3809 789 3866 et
816 3802 994 3866 carminum
1020 3809 1052 3867 et
1080 3802 1204 3867 solutae
1236 3802 1394 3871 orationis

273 3902 458 3985 scriptores,
487 3903 541 3987 qui
564 3911 619 3969 aut
642 3903 754 3968 eodem
779 3911 922 3986 tempore
945 3910 1040 3987 atque
1065 3903 1177 3968 Cicero
1200 3913 1256 3969 aut
1278 3913 1394 3987 postea

277 4025 378 4087 usquc
401 4004 442 4069 ad
457 4005 595 4088 Augusti
618 4009 758 4070 aetatem
776 4005 984 4087 scripserunt,
1009 4005 1199 4088 particulam
1216 4005 1388 4088 ‘quidem'

276 4109 511 4192 usurpaverint,
534 4108 645 4191 paucis
668 4127 836 4190 exponam.

378 4208 458 4274 Cum
481 4211 579 4294 igitur
600 4212 632 4274 in
659 4210 741 4275 sexti
764 4216 797 4274 et
819 4207 949 4291 septimi
971 4207 1092 4273 saeculi
1108 4209 1298 4292 scriptorum
1319 4211 1393 4276 reli-

273 4311 355 4394 quiis
380 4331 442 4377 non
466 4332 617 4396 magnam
632 4307 985 4396 particulae‘quidem'
1001 4311 1190 4377 varietatem
1205 4311 1394 4398 viderimus,
