3016 4864
835 328 855 392 6

395 508 461 576 Sed
476 529 547 577 cum
563 511 617 594 qui
634 509 675 576 de
697 511 873 595 particulae
885 510 1038 596 ‘quidem'
1059 512 1255 597 etymologia
1269 502 1410 597 scripse-

291 610 395 696 runt*)
416 613 496 680 certi
511 613 594 678 nibil
609 613 814 679 constituisse
834 613 911 679 mibi
926 613 988 679 visi
1011 614 1077 679 siut
1098 633 1137 678 ac
1157 614 1333 698 particulae
1346 615 1412 681 ori-

288 711 396 797 ginem
429 720 571 780 statuere
593 715 817 781 difficillimum
851 734 923 781 esse
950 720 1070 801 putem,
1098 735 1158 799 ego
1186 716 1334 798 equidem
1365 718 1410 784 de
1500 732 1501 753 ¹

286 813 346 879 hac
373 833 408 879 re
435 814 601 900 desistam,
630 818 821 899 praesertim
844 837 927 901 cum,
962 835 1181 900 quaecumque
1210 818 1410 903 etymologia

286 915 379 982 nobis
394 917 556 1001 probatur,
571 918 602 982 in
619 919 779 1002 particula
795 916 939 1003 ‘quidem’
960 918 1067 985 inesse
1088 919 1249 1000 quandam
1267 921 1332 986 vim
1348 921 1409 987 de-

286 1010 541 1104 monstrativam,
554 1039 639 1103 quae
654 1021 720 1086 alia
735 1021 892 1101 vocabula
907 1019 1086 1104 praemissa
1102 1029 1226 1103 premat
1238 1023 1408 1105 magisque

287 1130 525 1204 commemoret,
558 1119 764 1188 manifestum
792 1123 844 1206 sit,
873 1140 1020 1206 quaeque
1049 1121 1136 1186 notio
1159 1122 1189 1187 ei
1219 1123 1408 1189 subicienda

285 1219 337 1303 sit,
361 1225 632 1290 commentatione
655 1233 768 1292 nostra
785 1225 1032 1291 demonstretur.

391 1322 539 1391 Ceterum
563 1335 671 1395 autem
691 1329 732 1393 de
753 1326 931 1411 particulae
956 1323 1129 1408 ‘quidem'
1156 1325 1281 1409 origine
1304 1335 1337 1392 et
1351 1348 1406 1394 ac·

285 1430 380 1491 centu
402 1426 477 1492 vide
499 1427 663 1495 Gorssenii
685 1431 817 1513 Ausspr.
841 1435 901 1495 etc.
921 1429 963 1494 II.
985 1447 1016 1510 p.
1040 1429 1091 1511 22,
1114 1429 1173 1493 641
1198 1430 1225 1494 Ι.
1249 1429 1320 1513 777,
1342 1430 1406 1496 308

286 1526 331 1593 II.
359 1530 432 1612 620,
462 1530 534 1615 689,
561 1532 674 1614 quibus
703 1531 781 1598 locis
815 1530 912 1596 etiam
938 1529 995 1595 alii
1025 1529 1103 1613 viri,
1132 1529 1253 1613 quide
1281 1531 1341 1597 hac
1368 1552 1404 1597 re

287 1629 494 1716 scripserunt,
517 1634 696 1700 enumerati
719 1639 802 1700 sunt.

396 1732 557 1812 Quoniam
590 1736 686 1820 igitur
712 1736 868 1802 habemus
896 1741 1005 1818 aptam
1032 1753 1103 1799 eam
1126 1733 1304 1819 particulae
1326 1737 1407 1819 vim,

290 1832 460 1901 verborum
482 1837 650 1904 collocatio
672 1845 853 1923 quaeratur.

400 1937 480 2003 Cum
511 1939 597 2005 eninr
625 1941 658 2005 in
688 1938 844 2024 particula
871 1938 1020 2022 ‘quidem’
1048 1938 1124 2004 insit
1153 1938 1311 2022 quaedam
1334 1958 1405 2022 pre·

289 2037 398 2103 mendi
412 2039 472 2123 vis,
498 2047 533 2106 61
551 2040 593 2107 ad
609 2042 739 2126 aliquod
755 2061 774 2106 e
789 2041 1014 2125 compluribus,
1037 2040 1120 2125 quod
1134 2041 1305 2125 praecipue
1320 2061 1404 2106 com-

289 2148 492 2224 memoretur,
530 2143 637 2210 verbis
665 2144 832 2227 referatur,
866 2143 1042 2208 secundum
1074 2151 1220 2207 naturam
1255 2142 1406 2208 enclitioa

288 2249 348 2325 est,
383 2251 418 2308 ut
450 2243 564 2311 mirum
595 2266 661 2312 non
690 2247 742 2329 sit,
777 2244 805 2310 si
832 2262 994 2328 nunquam
1029 2245 1069 2309 ab
1104 2243 1195 2308 initio
1223 2245 1405 2309 sententiae

287 2343 415 2428 legitur,
438 2346 496 2412 sed
518 2348 707 2431 ubicumque
719 2346 888 2431 reperitur,
911 2347 941 2413 ei
956 2367 1021 2412 non
1043 2348 1150 2431 potest
1172 2345 1235 2410 nisi
1251 2345 1406 2411 secunda·

288 2445 355 2513 rius
377 2447 410 2512 in
433 2449 579 2515 oratione
601 2451 690 2516 locus
713 2449 856 2532 concedi,
880 2456 914 2514 ut
935 2459 1009 2532 post
1030 2447 1228 2531 vocabulum,
1250 2448 1333 2529 quod
1354 2447 1407 2513 661

288 2568 358 2615 666
381 2560 517 2617 accentu
539 2551 678 2631 effertur,
701 2551 753 2619 661
776 2551 940 2636 premitur,
964 2550 1144 2617 collocetur.

394 2654 507 2736 Itaque
522 2651 642 2719 factum
656 2660 716 2736 est,
730 2653 840 2720 utiam
858 2652 1091 2736 antiquissimis
1104 2653 1297 2737 temporibus
1310 2650 1406 2736 parti·

289 2754 363 2820 cula
381 2752 572 2837 ‘quidem'
600 2756 763 2822 vocabulis
785 2775 849 2821 666
871 2755 917 2820 116
940 2756 1058 2821 661166
1077 2756 1219 2841 syllabas
1240 2754 1406 2840 amplexis,

289 2856 325 2922 ut
351 2856 638 2939 coniunctionibus,
671 2876 754 2940 quae
779 2860 836 2924 661
864 2856 1114 2942 monosyllabae,
1145 2860 1199 2924 vel
1220 2857 1406 2942 disyllaba-e,

289 2958 342 3024 vel
363 2977 521 3025 summum
551 2959 737 3044 trisyllabus
765 2968 850 3043 sunt,
876 2959 1056 3044 adderetur,
1086 2960 1118 3026 id
1140 2960 1225 3044 quod
1252 2961 1314 3025 hae
1335 2978 1406 3043 par·

254 3133 257 3140 ,
289 3058 1405 3147 ticulaesineulladubitationedemonstrant:ac,atque,at,atqui,

288 3163 1405 3251 et,cum,dum,iam,nam,nnnc,tum‚tunc,pol,si,certe,
1434 3171 1436 3176 '

289 3264 437 3346 hercle,
468 3284 576 3348 sanc,
599 3265 722 3350 immo,
745 3267 845 3351 nisi,
869 3268 1036 3351 quando,
1059 3268 1250 3352 quoniam,
1273 3288 1405 3352 quam·

289 3385 410 3450 quam,
433 3368 521 3450 etsi,
544 3367 696 3452 edepol,
720 3363 884 3435 ecastor'
915 3377 947 3435 et
968 3369 1052 3434 aliae
1076 3368 1146 3453 ejus
1161 3370 1301 3451 generis.
1337 3371 1404 3436 Nee

290 3487 368 3534 vero
391 3469 422 3534 ei
443 3478 615 3555 praecepto
646 3471 761 3554 ingens
788 3471 846 3537 illa
867 3470 1043 3556 particulae
1063 3467 1213 3553 ‘quidem’
1241 3491 1313 3537 cum
1334 3492 1403 3557 pro-

289 3570 420 3636 nomine
442 3571 700 3639 coniunctionum
729 3572 900 3640 multitudo
927 3580 1101 3662 repugnat:
1135 3593 1210 3638 nam
1234 3574 1297 3638 iam
1321 3573 1405 3659 apud

288 3670 437 3739 Plautum
460 3672 558 3757 longe
581 3675 721 3742 maxima
741 3694 818 3759 pars
839 3674 982 3740 omnium
1004 3672 1157 3756 locorum,
1180 3674 1295 3758 quibus
1309 3674 1402 3761 ‘qui-

287 3773 383 3840 dem’
405 3774 576 3859 invenitur,
603 3777 696 3844 nobis
718 3775 886 3856 formulas,
918 3782 952 3841 ut
978 3774 1055 3840 ‘bie
1076 3774 1242 3858 quidem,
1269 3777 1302 3845 is
1324 3778 1402 3860 qui·

288 3876 384 3961 dem,
405 3878 475 3944 hoc
495 3878 659 3965 quidem,
682 3877 719 3944 id
741 3874 896 3962 quidem'
926 3877 1081 3961 aliasque,
1114 3896 1247 3961 quarum
1270 3879 1402 3946 infrain

389 4121 416 4193 *)
424 4121 542 4182 (166666
552 4122 689 4196 11666661
700 4141 726 4195 p.
740 4123 801 4190 777,
812 4119 842 4177 11
853 4120 915 4180 839.
928 4122 990 4179 855.
1010 4123 1171 4179 Kritsseitr.
1183 4142 1210 4196 p.
1222 4122 1275 4178 497
1288 4141 1329 4195 sq.
1342 4123 1402 4180 504.

288 4208 360 4266 Krit
378 4211 492 4269 Nachtr.
515 4231 541 4285 p.
561 4211 614 4268 164
631 4229 689 4284 sqq.
717 4211 770 4266 167
777 4233 784 4278 3
807 4210 847 4282 0.
862 4209 985 4267 Ribbeck
1012 4210 1094 4268 Beitr.
1120 4228 1168 4267 zur
1189 4213 1245 4267 lere
1262 4229 1290 4268 6.
1309 4213 1335 4269 d.
1354 4215 1401 4272 161.

288 4298 356 4356 darc
374 4317 401 4372 p.
420 4300 447 4357 4.
