3016 4864
669 364 708 429 13

131 565 150 610 a
184 545 356 627 Cicerone,
403 546 471 629 qui,
504 547 669 613 vocabulis
711 549 864 617 absolelis
906 551 1037 616 remotis
1076 551 1246 634 verbisque

132 646 270 730 novatis,
297 648 475 714 orationem
502 649 594 731 quasi
621 669 763 733 purgans
790 650 882 734 eique
915 651 1119 735 splendidum
1155 652 1245 717 illum

131 749 316 833 elegantiae
342 750 484 815 habitum
512 750 654 817 tribuens
680 756 773 819 tanta
799 754 935 819 variatio
965 753 1142 838 particulae
1169 774 1245 821 usus

129 850 246 917 effecta
268 857 328 934 est,
350 858 386 917 ut
407 852 543 918 eandem
565 852 654 918 illam
677 873 750 920 esse
772 874 836 921 non
860 864 1018 939 putemus.

237 954 359 1033 Quibus
382 955 579 1039 temporibus
600 955 693 1022 nobis
716 964 781 1022 tam
803 958 894 1023 multi
916 965 1045 1040 tamque
1064 958 1145 1023 varii
1168 958 1244 1023 scri-

128 1063 238 1139 ptores
260 1065 438 1141 occurrunt,
461 1057 527 1140 qui,
549 1056 634 1140 quod
656 1057 785 1141 quidem
807 1060 849 1125 ed
870 1060 1048 1144 particulae
1067 1057 1239 1142 ‘quidem’

128 1175 222 1222 usum
245 1159 371 1244 attinet,
394 1159 503 1244 magni
525 1169 558 1225 et
578 1160 699 1226 diversi
723 1162 875 1227 momenti
898 1169 981 1243 sunt,
1005 1181 1076 1228 cum
1099 1162 1181 1228 alter
1202 1162 1243 1227 ad

126 1258 264 1325 alterum
286 1280 364 1327 usus
386 1282 490 1347 genus
512 1282 548 1328 se
570 1263 720 1346 applicet.

235 1362 450 1442 Quamobrem
465 1364 499 1429 id
515 1363 662 1449 primum,
675 1366 703 1430 si
717 1366 833 1449 placet,
848 1365 1026 1446 videamus,
1042 1386 1106 1450 qua
1118 1367 1243 1433 ratione

129 1465 171 1532 Μ.
203 1468 420 1537 Terentius
453 1468 575 1534 Varro
605 1465 806 1551 ‘particulam
839 1468 973 1550 quidem'
1010 1469 1043 1533 in
1075 1469 1125 1551 iis,
1159 1489 1242 1551 quae

131 1571 173 1636 ad
189 1592 248 1638 nos
270 1577 494 1656 pervenerunt,
516 1569 645 1653 scriptis
667 1570 820 1653 posuerit.
863 1572 896 1636 ls
919 1570 1015 1651 enim,
1035 1580 1069 1636 ut
1084 1572 1117 1637 in
1140 1573 1241 1638 omni·

130 1675 188 1740 bus
211 1674 280 1741 fere
302 1673 407 1757 rebus,
429 1691 511 1756 quae
539 1671 633 1737 etad
655 1686 723 1736 rem
750 1671 910 1755 publicam
932 1681 964 1738 et
986 1673 1027 1738 ad
1048 1673 1242 1741 familiarem.

127 1777 299 1860 pertinent,
322 1776 383 1842 sibi
405 1783 555 1841 constans
578 1773 620 1838 ad
635 1772 814 1856 priscorum
829 1782 1007 1859 temporum
1023 1776 1241 1843 institutiones

131 1899 166 1944 se
202 1878 397 1964 applicabat,
430 1879 486 1960 ita,
517 1876 601 1959 quod
633 1875 675 1940 ad
712 1895 892 1942 sermonem
927 1878 1053 1958 attinet,
1090 1880 1242 1962 quoniam

127 2000 227 2065 saepe
248 1980 413 2048 vocabulis
437 1991 503 2046 tum
525 1978 687 2043 inusitatis
715 1997 792 2044 usus
815 1978 990 2063 particulas
1015 1981 1114 2047 multo
1137 1982 1241 2047 rarius

128 2102 223 2165 quam
247 2081 304 2147 alii
326 2083 469 2150 eiusdem
492 2081 608 2148 aetatis
632 2087 778 2146 auctores
802 2081 918 2164 posuit,
935 2082 1125 2165 particulam
1144 2081 1241 2165 ‘qui-

126 2182 216 2250 dem'
243 2183 330 2249 haud
352 2206 451 2270 saepe
474 2193 507 2250 et
530 2185 562 2249 in
587 2181 785 2266 simplicibus
801 2183 926 2266 quidem
943 2186 1097 2268 temporis
1112 2185 1240 2269 pristini

127 2286 412 2371 compositionibus
434 2285 632 2352 admittebat.

230 2388 339 2474 Atque
361 2389 394 2455 iu
416 2389 518 2474 libris,
540 2407 619 2471 quos
641 2390 681 2455 de
704 2388 816 2471 lingua
848 2388 949 2453 latina
975 2389 1076 2454 Varro
1100 2388 1239 2474 scripsit,

122 2488 234 2556 ‘semel
253 2489 435 2575 ‘quidem’
462 2491 601 2574 legimus
623 2492 719 2574 idque
741 2491 764 2557 1.
786 2490 840 2555 lX.
863 2509 890 2555 c.
913 2491 955 2556 33
976 2489 1059 2576 (Sp.)

229 2591 312 2676 ‘Ego
343 2593 472 2676 quidem
495 2594 643 2659 utilitatis
678 2584 776 2659 causa
809 2593 988 2659 orationem
1021 2591 1141 2658 factam
1164 2613 1238 2658 con-

130 2694 225 2779 cedo;
248 2695 306 2761 sed
330 2707 364 2762 ut
385 2693 636 2780 vestimentum'3
658 2716 733 2761 nam
757 2695 865 2774 ceteri,
892 2695 925 2758 in
949 2694 1062 2777 quibus
1077 2695 1239 2762 invenitur

121 2795 318 2884 ‘quidem',
340 2798 401 2865 loci
425 2798 595 2883 depravati
617 2797 811 2863 emendandi
833 2805 917 2862 sunt,

229 2904 278 2967 Ao
304 2901 442 2986 primum
469 2901 598 2984 quidem
629 2900 730 2966 codex
757 2900 972 2980 Florentium,
1004 2899 1044 2965 de
1069 2898 1089 2966 l.
1112 2901 1133 2966 l.
1157 2901 1185 2965 V
1206 2902 1235 2967 4.

125 3001 206 3069 hanc
226 3004 399 3070 lectionem
422 3004 568 3088 praebet:

205 3104 315 3172 ‘Vias
337 3105 490 3188 quidem
512 3106 602 3187 iter,
624 3104 722 3187 quod
746 3124 789 3169 ea
811 3101 984 3169 vehendo
1006 3104 1157 3189 teritur,

208 3208 282 3274 iter
303 3209 459 3291 iterum,
481 3214 591 3274 actus
614 3207 712 3291 quod
735 3204 886 3291 agendo
909 3203 1062 3277 teritur,³

230 3310 339 3377 Codex
370 3309 565 3376 Hauniensis
595 3308 701 3376 ‘Vita
736 3310 771 3375 si
808 3310 957 3393 quidem
995 3307 1088 3373 iter’.
1135 3308 1233 3374 Pauci

123 3419 229 3476 autem
245 3412 399 3478 Varronis
415 3412 554 3477 editores
577 3411 652 3477 ‘uia
674 3412 827 3494 quidem
849 3409 944 3495 iter',
967 3410 1106 3495 plurimi,
1129 3411 1161 3475 in
1185 3411 1235 3476 bis

122 3513 157 3578 L.
174 3514 327 3599 Spengel,
340 3512 415 3581 ‘uia
431 3514 463 3579 si
479 3512 628 3596 quidem
645 3509 727 3578 iter'
747 3513 812 3596 legi
828 3514 948 3580 volunt.
978 3511 1112 3578 Carolus
1128 3521 1234 3578 autem

122 3612 306 3682 Odofredus
332 3616 466 3681 Mueller
487 3635 546 3699 pro
565 3612 665 3680 ‘vias
688 3614 838 3697 quidem
861 3614 937 3680 iter'
964 3615 1103 3699 positum
1133 3615 1234 3682 fuisse

118 3716 200 3788 ‘via
229 3719 331 3786 sicut
364 3716 448 3786 iter'
487 3717 633 3800 coniecit,
666 3737 705 3783 ex
731 3737 794 3801 qua
823 3718 1007 3783 coniectura
1027 3717 1063 3781 L.
1090 3718 1233 3801 Spengel

118 3820 209 3887 ‘tiber
231 3822 283 3887 die
306 3822 397 3888 critic
418 3820 476 3884 der
499 3820 735 3886 Varronischen
759 3819 878 3885 bttcluer
900 3818 931 3885 d.
951 3819 971 3885 l.
993 3816 1018 3884 l.'
1045 3819 1141 3905 (Abh.
1157 3820 1188 3885 d.
1200 3821 1232 3883 k.
1328 3869 1331 3872 .

122 3924 201 3990 bair.
224 3945 272 3990 ac.
296 3926 327 3992 d.
350 3924 437 3990 wisa.
461 3922 483 3986 l.
506 3920 545 3987 el.
570 3921 629 3988 VH
652 3922 704 3988 bd.
726 3923 759 3987 II
784 3922 885 4005 abth.)
906 3921 949 3985 id
976 3940 1075 3984 unum
1108 3922 1232 4005 probat,

122 4026 207 4110 quod
229 4026 366 4093 Mueller
394 4046 433 4091 ex
455 4023 552 4089 verbo
578 4021 707 4091 ‘iterum'
737 4020 812 4089 ‘iter’
845 4022 994 4088 restituit.
1037 4027 1085 4088 Ac
1112 4024 1231 4090 codicis

114 4128 296 4194 Florentini
331 4127 461 4194 collatio
498 4144 519 4188 a
556 4124 780 4211 Lagomarsiui
816 4125 904 4189 facta
946 4124 1089 4205 sequitur
1140 4125 1230 4191 lecti-

120 4251 229 4297 onem:
253 4229 330 4297 ‘via
358 4230 562 4311 similiter,
594 4229 694 4311 qnod
717 4246 760 4293 ea
782 4225 957 4293 vehendo
984 4227 1130 4312 teritur,
1156 4228 1231 4294 iter

120 4334 189 4411 itu;
213 4340 321 4398 actus
345 4333 444 4417 qnod
467 4330 616 4416 agendo
639 4329 792 4409 teritur,
820 4348 914 4411 quam
937 4326 1107 4396 lectionem
1128 4338 1229 4396 muta·
