3016 4864
452 1618 501 1698 tle
518 1615 695 1720 particula
708 1614 884 1716 ‘quidemn

212 1758 273 1869 De
295 1821 354 1866 usu
376 1801 604 1885 particularum
626 1799 757 1882 linguae
778 1799 900 1864 latinae
930 1799 990 1865 etsi
1017 1817 1037 1862 a
1059 1796 1168 1862 multis
1192 1802 1225 1862 et

105 1903 302 1970 doctissimis
328 1902 456 1986 quidem
479 1904 558 1969 viris
579 1910 613 1967 ut
627 1922 647 1966 a
661 1901 832 1984 Madvigio,
854 1901 969 1982 Bakio,
992 1900 1120 1966 Handio
1136 1898 1223 1964 aliis·
1318 1934 1319 1937 π

106 2026 179 2089 quc,
202 2006 255 2072 ubi
277 2006 404 2072 occasio
421 2006 497 2071 data
513 2012 571 2088 est,
593 2005 789 2089 disputatum
805 2005 864 2079 cst,
887 2010 995 2067 tamen
1010 2022 1106 2067 nemo
1125 2002 1223 2068 conti-

106 2115 236 2173 nentem
261 2108 438 2192 particulae
464 2104 646 2192 ‘quidem’
680 2105 1108 2190 eiusquelpermutationum
1131 2125 1222 2172 usum

106 2210 268 2295 disseruit,
291 2217 325 2274 ut
346 2218 495 2275 accurate
517 2230 589 2276 eum
616 2217 812 2294 pertractare
835 2209 927 2274 nobis
949 2207 1222 2292 proposuerimus.

214 2313 282 2378 Nec
304 2321 408 2378 tamen
433 2313 610 2397 particulae
646 2310 832 2396 ‘quidem’
868 2311 1053 2395 peremnia
1080 2312 1222 2379 omnium

108 2415 240 2497 linguae
262 2415 382 2481 latinae
409 2423 550 2483 aetatum
577 2421 784 2482 monumenta
812 2413 928 2480 litteris
956 2413 1110 2479 mandata
1131 2434 1223 2480 usum

109 2536 219 2581 sumus
248 2518 418 2600 persecuti,
451 2519 508 2584 sed
536 2519 615 2584 satis
650 2517 742 2583 nobis
773 2536 846 2584 esse
875 2515 1031 2599 duximus,
1065 2518 1224 2585 sermonis

108 2623 233 2684 tantum
249 2621 371 2684 saeculi
386 2621 467 2686 sexti
481 2619 745 2705 etseptimiurbis
757 2626 852 2702 atque
864 2619 980 2684 aetatis
993 2619 1225 2686 Ciceronianae

109 2725 300 2809 scriptorum
313 2722 575 2791 consuetudinem
588 2720 745 2805 respicere
759 2722 847 2786 etita
859 2720 999 2804 quidem,
1011 2728 1046 2785 ut
1059 2722 1224 2790 Ciceronis

110 2828 285 2912 particulae
295 2833 371 2892 usus
384 2826 454 2891 usui
465 2824 605 2892 omnium
615 2832 793 2890 ceterorum
802 2823 991 2906 scriptorum
1000 2833 1223 2909 praeponatur.

215 2930 306 3010 Quod
321 2936 429 2993 autem
444 2927 483 2991 ad
500 2927 685 2992 adiumenta
696 2946 735 2992 ac
747 2925 912 2990 doctrinae
924 2926 1097 3011 praesidia,
1110 2929 1224 3010 quibus

111 3033 159 3097 usi
182 3052 301 3114 sumus,
324 3030 448 3109 attinet,
471 3031 644 3114 praecipue
667 3029 717 3113 iis,
738 3047 822 3114 puae
838 3028 1019 3112 Madvigius
1035 3030 1067 3097 in
1083 3030 1224 3101 editione
1258 3115 1260 3119 Ι

111 3135 260 3199 librorum
284 3131 474 3198 ‘definitus
499 3132 651 3198 bonorum
679 3140 711 3199 et
740 3128 905 3197 malorum’
938 3139 971 3196 ct
991 3131 1023 3196 in
1047 3134 1224 3199 emendati·

111 3256 206 3301 onum
222 3235 254 3299 in
267 3235 443 3301 ‘Ciceronis
458 3234 556 3300 libros
571 3233 820 3319 philosophicos
839 3233 994 3319 (Hafniae
1006 3235 1102 3318 1826)
1118 3235 1224 3303 libello

111 3337 273 3402 nonnullis
302 3336 381 3402 locis
409 3335 450 3400 ad
478 3337 561 3401 hanc
590 3337 778 3420 particulam
808 3337 1003 3420 pertinentia
1031 3337 1224 3423 observavit,

111 3442 214 3506 locum
237 3459 301 3504 non
324 3438 522 3522 reliquimus,
544 3440 602 3505 sed
625 3440 807 3522 diligenter,
836 3438 983 3521 quamvis
1004 3438 1089 3504 lraud
1112 3442 1225 3506 crebra

113 3544 185 3625 sint,
207 3542 241 3606 in
258 3542 479 3624 quaestionem
495 3549 636 3608 nostram
653 3542 886 3625 convertimus3
908 3540 1028 3609 Handii
1044 3550 1161 3625 autem,
1183 3545 1225 3611 de

113 3665 172 3729 quo
203 3645 289 3708 infra
317 3644 410 3728 plura
442 3644 604 3727 dicemus,
641 3640 672 3707 in
697 3644 880 3711 Tursellino
917 3653 972 3710 aut
1003 3643 1159 3728 Draegeri
1191 3649 1225 3712 in

111 3747 292 3813 ‘historicae
314 3746 444 3829 linguae
466 3746 587 3812 latinae
610 3744 760 3831 syntaxis’
788 3746 944 3832 particula
960 3746 1054 3812 tertia
1076 3748 1225 3814 ohserva-

115 3852 217 3916 tiones
254 3849 429 3933 particulae
465 3846 649 3930 ‘quidem'
693 3850 856 3934 propriae,
896 3869 967 3914 cum
1000 3856 1056 3914 aut
1092 3849 1224 3929 minime

116 3952 280 4018 materiam
304 3949 475 4015 effuderint
496 3958 552 4015 aut
574 3952 605 4015 in
628 3953 736 4018 multis
760 3952 913 4037 partibus,
936 3960 970 4015 ut
991 3950 1077 4016 infra
1095 3947 1225 4020 demon·

116 4054 295 4135 atrabimus,
317 4053 403 4118 falsa
424 4052 600 4137 docuerint,
623 4053 718 4121 facile
740 4054 938 4122 omittuntur.
1186 4126 1188 4129 ,

218 4156 400 4238 Praeterea,
422 4175 504 4239 quac
527 4175 626 4239 opera
647 4157 688 4222 ad
711 4157 930 4239 quaestionem
954 4163 1097 4222 nostram
1112 4164 1225 4224 nontu-

114 4259 254 4339 lerimus,
285 4257 565 4339 commentatione,
599 4278 681 4342 quae
704 4259 857 4342 sequitur,
885 4259 983 4326 facile
1010 4259 1225 4347 intellegetur.
