3016 4864
822 307 864 374 22

279 494 392 563 definit
406 502 502 577 atque
519 491 680 571 terminat,
696 491 791 557 modo
809 512 877 556 rem
889 490 1030 557 affirmat
1045 499 1078 556 et
1092 490 1281 573 conformat,
1305 489 1402 557 modo

280 597 460 665 orationem
468 595 643 676 continuat,
656 603 690 659 ut
698 593 807 659 multis
814 593 897 671 locis
904 592 989 657 idem
998 603 1095 674 atque
1106 594 1216 674 ,euim‘
1228 592 1402 676 significet.

385 699 454 764 Neo
476 697 582 763 miuus
605 703 752 779 apertum
776 703 835 771 est,
858 694 887 758 si
909 694 1075 779 paulisper
1097 694 1130 760 iu
1153 696 1214 763 bac
1236 714 1270 761 re
1294 714 1403 761 mora-

280 821 364 883 mur,
397 798 575 884 particulae
600 793 745 880 ‘quidem’
779 815 856 863 usus
893 795 1083 861 varietatem
1121 795 1337 879 aGicerone,
1365 804 1404 862 ut

279 922 379 987 supra
401 900 576 983 attigimus,
599 897 831 964 conformatam
858 916 945 963 esse:
984 917 1059 963 uam
1091 917 1161 964 cum
1192 918 1312 982 parvus
1344 897 1403 963 ille

279 1003 366 1088 apud
400 1002 575 1086 scriptores
598 1007 631 1065 et
651 1008 728 1066 aute
751 999 939 1065 Ciceronem
970 1010 1002 1065 et
1030 1000 1117 1084 apud
1146 1000 1219 1085 ejus
1247 1000 1403 1083 aequales

279 1103 459 1189 particulae
499 1101 716 1186 exemplorum
750 1120 904 1168 numerus
937 1110 970 1167 et
1005 1112 1163 1186 angustus
1199 1103 1270 1183 ille,
1306 1121 1403 1185 quem

280 1207 431 1291 vidimus,
447 1223 524 1271 usus
540 1204 621 1270 satis
636 1222 807 1286 superque,
829 1203 862 1268 id
878 1211 965 1269 recte
981 1205 1101 1270 (lictum
1117 1223 1200 1285 esse,
1217 1203 1402 1271 ostendunt

280 1310 393 1377 (licere
408 1308 505 1388 enim,
522 1314 557 1372 ut
578 1305 612 1370 id
634 1305 883 1389 praecipiamus,
905 1312 938 1370 et
959 1306 1076 1373 multas
1102 1326 1202 1373 novas
1223 1294 1402 1389 particulae

277 1411 422 1495 ‘quidem’
453 1406 708 1493 significationes
731 1407 875 1489 subiecit,
906 1406 940 1473 id
961 1406 1046 1490 quod
1069 1407 1155 1474 infra
1177 1407 1218 1473 de
1240 1407 1402 1490 quidem

199 1585 201 1589 ,
280 1500 1402 1593 concessivo,‘siquidem’,‘etquidem'aliisquelocisinoom·

280 1614 480 1682 mentatione
491 1611 695 1678 inveniemus
703 1609 862 1676 etmultas
870 1611 1090 1695 copulationes
1102 1619 1178 1678 ante
1191 1630 1264 1676 eum
1276 1630 1340 1676 non
1353 1630 1402 1676 re·

280 1710 1400 1803 pertasut‘quoniamquidem',verumquideminrevoca-

280 1818 409 1891 tione’
431 1815 747 1897 innumerabilesque
768 1813 843 1880 illas
866 1814 1027 1897 quidem
1047 1815 1292 1898 concessivi‚
1320 1833 1401 1896 quas

281 1921 368 1991 iufra
396 1917 586 2002 videbimus,
614 1915 829 1999 formulas,
851 1914 1035 2000 ‘quidem'
1073 1924 1105 1983 et
1134 1937 1206 1982 cum
1234 1916 1401 2002 particulis

278 2023 420 2109 ‘igitur
431 2018 537 2103 ergo'
554 2018 692 2101 aliisque
704 2017 1031 2099 eiusgeuerisetcum
1044 2022 1289 2102 ‘quamquam
1300 2015 1398 2084 ‘etsi’

282 2124 505 2206 similibusque
521 2120 723 2187 coniunctum
747 2118 873 2185 addidit
894 2120 1073 2203 multasque
1096 2120 1178 2186 alias
1193 2121 1401 2199 variationes,

285 2229 326 2295 de
349 2227 464 2311 quibus
485 2222 571 2288 infra
593 2221 687 2306 plura
709 2221 865 2301 dicemus,
888 2222 1019 2305 linguae
1041 2222 1163 2288 letinae
1185 2223 1339 2289 attribuit.

389 2325 482 2408 Quod
504 2331 612 2390 autem
635 2321 677 2387 ad
699 2342 792 2388 usum
815 2324 993 2407 particulae
1015 2324 1141 2403 attinet,
1165 2325 1226 2390 etsi
1249 2323 1330 2389 nibil
1352 2330 1402 2389 est

281 2434 315 2500 in
338 2432 521 2514 linguarum
550 2425 675 2491 ratione
695 2424 873 2508 difficilius,
901 2445 996 2508 quam
1018 2426 1247 2509 particularum
1270 2428 1335 2493 vim
1363 2447 1402 2494 ae

281 2538 475 2621 potestatem
508 2526 692 2612 perspicere
724 2525 946 2610 destincteque
974 2526 1150 2605 declarare,
1185 2539 1292 2594 tamen
1324 2529 1401 2595 mibi

283 2634 413 2720 quidem
434 2630 467 2696 id
484 2628 595 2695 conari
610 2628 644 2692 in
666 2627 775 2694 animo
798 2636 848 2695 est
869 2640 903 2694 et
924 2636 1023 2694 totum
1046 2649 1138 2697 usum
1162 2650 1220 2695 sex
1246 2632 1402 2715 capitibus

283 2737 458 2804 attribuere
489 2731 645 2816 optimum
674 2728 801 2795 videtur
829 2749 913 2814 esse,
940 2739 974 2795 ut
999 2732 1137 2814 primum
1160 2732 1290 2815 quidem
1313 2753 1401 2817 par·

282 2837 454 2905 ticulum
475 2831 814 2913 restringentem,
837 2831 1301 2916 deindeexplicativam,
1324 2844 1401 2903 tum

283 2938 575 3017 concessivam,
608 2944 686 2997 tum
711 2933 1054 3014 continuativam,
1091 2935 1265 3018 denique
1287 2936 1400 3002 affir-

282 3039 486 3122 mativam,
515 3044 726 3123 postremo
759 3033 1058 3102 adversativam
1093 3038 1296 3122 expositurus
1330 3039 1402 3105 sim.

389 3138 606 3223 Iltquoniam‘
616 3139 683 3223 qui
692 3133 800 3216 dem’,
809 3156 1042 3219 quamcumque
1052 3139 1279 3222 etymologiam
1292 3160 1400 3205 veram

282 3263 355 3312 esse
378 3254 538 3328 putamus,
558 3240 618 3307 ‘so
640 3239 813 3322 gernic,
842 3257 885 3304 so
908 3237 1017 3304 eben’
1050 3240 1102 3305 vel
1121 3238 1249 3305 ‘eben’
1277 3241 1403 3307 videtur

283 3345 469 3428 significare
492 3353 524 3425 et
545 3362 625 3427 prae
648 3342 764 3409 ceteris
785 3340 953 3424 particulis
974 3342 1017 3405 ad
1047 3342 1204 3407 vocabula
1225 3342 1405 3425 premenda

282 3456 358 3533 apta
388 3454 447 3526 est,
479 3446 545 3510 iam
575 3444 662 3527 apud
691 3442 933 3525 antiquissimos
961 3443 1135 3526 scriptores
1167 3444 1196 3509 ei
1224 3444 1402 3529 particulae

281 3550 348 3616 vim
371 3546 620 3630 restringentem
643 3545 820 3612 subiectam
849 3562 922 3609 esse
951 3545 1172 3628 omnibusque,
1196 3565 1280 3629 quae
1302 3544 1402 3610 nomi·

282 3650 442 3729 nevimus,
454 3638 531 3714 usus
541 3646 899 3732 particulaegeneribus
908 3644 1066 3729 implicari
1078 3647 1176 3713 facile
1186 3648 1403 3729 intellegetur,
1494 3720 1495 3723 Ἴ

282 3752 316 3820 id
337 3749 516 3836 particulae
543 3768 647 3832 genus
675 3749 814 3832 primum
843 3746 1004 3830 explicare
1033 3748 1125 3814 nobis
1151 3768 1225 3815 esse
1245 3750 1403 3832 optimum

284 3854 422 3921 videtur.

388 3954 521 4019 Ponitur
544 3952 641 4038 igitur
663 3951 823 4036 particula
842 3948 1022 4034 ‘quidem’
1050 3970 1122 4019 cum
1148 3971 1246 4018 sensu
1269 3953 1402 4017 restrin-

282 4059 373 4142 genti
413 4054 616 4137 summatim,
647 4073 689 4120 ne
718 4053 881 4121 sententia
913 4053 1092 4138 praemissa
1124 4055 1326 4139 amplissima
1361 4056 1404 4122 sit

281 4169 338 4227 aut
369 4158 529 4224 latissime
565 4164 682 4241 pateat,
719 4155 777 4221 sed
807 4166 843 4219 ut
874 4154 913 4236 is,
946 4155 1001 4237 qui
1021 4154 1151 4238 iudicat,
1179 4157 1212 4222 in
1235 4176 1270 4222 re
1292 4156 1403 4240 aliqua

218 4264 221 4269 ‘
282 4258 476 4346 explicanda
498 4259 559 4325 sibi
586 4258 708 4342 aliquid
730 4256 870 4340 excipiat
893 4265 991 4340 atque
1006 4258 1200 4324 senteutiam
1219 4267 1402 4343 temperans
