3016 4864
813 280 855 345 14

279 466 355 546 tam,
388 461 424 526 L.
455 463 596 548 Spengel
621 465 642 528 1.
670 484 698 529 c.
736 466 820 548 quod
855 466 955 532 Varro
986 466 1194 536 ‘similiter'
1230 490 1393 556 nunquam

274 561 319 628 ita
341 572 482 648 usurpet,
506 565 703 631 reiciendum
727 587 799 633 esse
822 567 1004 634 arbitratur.

380 667 445 732 Sed
466 667 617 750 quoniam
645 669 909 752 compositionem
932 669 984 737 ‘si
1007 672 1178 756 quidem’
1205 682 1280 741 ante
1301 676 1393 741 Cice-

273 789 384 835 ronem
399 769 480 834 nibil
496 770 584 834 aliud
599 770 662 835 nisi
684 767 740 836 ‘si'
767 791 914 854 pressum
929 774 1124 859 significare,
1146 797 1245 861 supra
1259 778 1391 844 demon-

273 872 457 955 stravimus,
480 879 513 938 et
534 873 620 955 apud
643 872 832 938 Ciceronem
854 884 981 958 praeter
1007 876 1071 943 ‘si'
1103 880 1188 945 idem
1218 900 1257 945 ac
1277 879 1389 963 ‘quo-

273 972 387 1040 niam'
414 983 470 1039 aut
488 973 543 1039 ‘ut
566 975 748 1059 exemplo
771 974 868 1042 utar'
894 980 1080 1060 germanice
1101 981 1260 1047 redditum
1287 980 1390 1046 ‘num

273 1075 467 1160 Beispiel'
496 1078 605 1142 valere
627 1076 868 1161 explicabimus,
892 1078 989 1146 facile
1011 1103 1106 1148 neruo
1130 1091 1189 1164 est,
1218 1085 1282 1166 qui,
1311 1085 1390 1167 quin

272 1181 367 1245 lectio
386 1177 490 1244 ‘vias
513 1176 675 1261 quidem'
702 1179 859 1263 aliaeque,
874 1200 957 1264 quae
973 1184 1015 1247 ad
1032 1183 1134 1249 locum
1151 1186 1391 1251 emendandum

272 1283 471 1365 excogitatae
480 1289 563 1362 sunt,
576 1300 639 1346 uon
653 1281 758 1346 minus
771 1282 953 1348 reiciendas
965 1285 1030 1350 sint
1041 1286 1151 1368 quam‘
1163 1287 1196 1353 si
1208 1288 1324 1370 quide
1333 1286 1389 1370 m',

272 1386 403 1464 dubitet,
426 1404 498 1449 cunr
521 1385 578 1448 sub
595 1383 656 1448 bac
671 1403 748 1448 voce
767 1381 820 1448 ‘si
844 1384 1026 1468 quidem',
1042 1408 1122 1470 quae
1140 1390 1185 1459 sit
1200 1391 1390 1456 subicienda

272 1487 442 1566 sententia,
457 1505 553 1550 nemo
569 1486 744 1568 intellegat.
760 1486 885 1567 Itaque,
907 1505 978 1551 oum
997 1487 1051 1554 ‘si
1073 1486 1240 1572 quidem'
1263 1511 1300 1557 co
1314 1492 1388 1559 loco

271 1590 336 1672 legi
364 1608 428 1653 uon
451 1588 559 1667 liceat,
580 1588 759 1670 proximum
781 1596 841 1665 est,
871 1596 906 1652 ut
928 1590 1079 1655 mendum
1103 1593 1277 1677 scripturae
1312 1594 1388 1659 buic

272 1694 342 1759 loco
376 1690 552 1756 subiectum
587 1710 660 1755 osse
703 1690 947 1756 contendamus.
989 1693 1101 1776 Neque
1134 1696 1220 1759 enim
1252 1695 1387 1762 difficile

271 1795 364 1860 nobis
387 1792 513 1859 videtur
541 1812 625 1873 esse,
655 1812 765 1858 veram
787 1793 956 1859 restituere
979 1795 1159 1881 lectionem,
1185 1797 1213 1862 si
1236 1798 1386 1864 subtilius

273 1897 464 1980 scripturam
481 1894 601 1960 codicis
620 1892 685 1960 ‘via
707 1894 735 1958 si
750 1893 882 1976 quidem’
904 1896 955 1960 vel
967 1894 1049 1962 ‘vias
1064 1896 1197 1980 quidem'
1217 1900 1386 1966 intuemur.

378 1998 442 2064 Sed
473 1997 659 2079 prinsquam
693 1996 725 2059 iu
762 2016 858 2062 verae
893 1997 1071 2081 scripturae
1110 2011 1300 2084 argumenta
1332 2002 1384 2067 in-

271 2100 440 2183 quirimus,
500 2117 594 2181 quam
637 2117 748 2164 veram
795 2098 1014 2165 existimemus
1058 2100 1247 2186 lectionem,
1292 2105 1384 2171 uobis

270 2201 540 2285 praemittendum
562 2220 646 2280 esse,
667 2199 808 2266 uidetur:
831 2208 981 2283 putamus
1003 2202 1089 2267 enim
1111 2202 1172 2268 hoc
1195 2203 1277 2288 loco,
1299 2205 1384 2271 banc

216 2376 219 2380 Α
271 2324 343 2370 esse
379 2294 581 2388 aptissimam
622 2303 794 2369 lectionem
832 2301 917 2368 ‘via
951 2305 1010 2369 sic
1046 2305 1156 2385 item,
1200 2307 1299 2388 quod
1336 2327 1384 2372 ea

270 2406 456 2473 vehendo
492 2406 659 2486 teritur,
700 2405 777 2469 iter
813 2405 887 2488 itu3
930 2412 1047 2471 actus
1092 2406 1193 2489 quod
1227 2410 1385 2492 agendo

270 2506 445 2575 teritur’.

376 2610 536 2689 Quoniam
559 2609 644 2675 enim
669 2608 701 2673 in
725 2608 874 2693 antiquis
888 2609 1049 2676 codicibus
1071 2610 1199 2677 litterae
1213 2613 1385 2680 vocabolo·

269 2733 338 2778 rum
361 2712 516 2795 deinceps
538 2711 777 2778 succedentium
798 2731 861 2776 non
878 2710 1145 2793 distrahebantur,
1168 2713 1265 2779 lacile
1280 2714 1386 2780 scriba

269 2836 333 2880 non
357 2821 497 2880 attentus
512 2834 570 2897 pro
590 2813 666 2880 ‘sic
687 2810 794 2878 item'
818 2811 868 2878 ‘si
890 2810 1054 2897 quidem'
1081 2814 1170 2897 legit,
1192 2815 1385 2897 praesertim

269 2918 396 3001 quidem
412 2936 484 2981 oum
500 2916 532 2981 in
548 2917 688 2999 antiquis
703 2915 930 2998 manuscriptis
948 2912 1067 2980 ‘item'
1094 2922 1126 2981 et
1143 2913 1273 2982 ‘idem'
1301 2917 1385 2982 inter

269 3041 305 3087 se
327 3026 508 3103 permutata
535 3018 637 3083 luisse
665 3017 731 3082 iam
758 3016 953 3083 Ritscbelius
982 3017 1016 3081 in
1044 3017 1136 3100 proll.
1164 3018 1205 3082 ad
1234 3018 1384 3084 Plautum

269 3142 298 3205 p.
319 3121 361 3188 84
382 3121 462 3187 satis
485 3120 638 3202 docuerit,
660 3128 695 3184 ut
714 3118 865 3200 ascribo,
888 3119 939 3183 cui
958 3117 1017 3184 ‘sie
1039 3116 1120 3185 item‘
1148 3118 1286 3188 formula
1307 3129 1385 3188 nota

269 3244 334 3290 non
356 3231 436 3304 erat,
454 3221 506 3289 ‘si
529 3218 696 3306 quidem’
724 3219 926 3287 scriberetur.

375 3324 497 3405 Quodsi
519 3343 614 3407 porro
631 3323 790 3407 scriptura
809 3320 910 3388 ‘idem’
937 3343 995 3406 pro
1016 3322 1114 3387 ‘item‘
1134 3323 1266 3405 omissa,
1288 3345 1384 3409 quae·

269 3428 406 3494 stionem
422 3426 582 3511 ponimus,
602 3444 683 3491 eane
699 3425 929 3509 particularum
941 3424 1002 3492 ‘sic'
1031 3429 1064 3491 et
1082 3423 1175 3491 ‘item‘
1202 3426 1384 3493 coniunctio

268 3529 457 3614 reperiatur,
491 3527 749 3611 respondendum
783 3535 842 3608 est,
876 3547 948 3592 eam
977 3527 1384 3611 compositionemomnes

269 3633 419 3699 Caesaris
440 3630 517 3697 belli
540 3629 657 3696 Gallici
680 3629 808 3695 codices
830 3630 882 3710 (B.
906 3630 944 3696 (t.
965 3630 991 3709 I,
1013 3629 1068 3712 44)
1091 3630 1256 3711 praebere.

375 3734 441 3801 Sed
464 3741 499 3797 ut
526 3752 597 3797 eam
624 3732 793 3798 verborum
821 3731 1086 3814 compositionem
1109 3731 1295 3798 inusitatam
1317 3753 1384 3799 nou

269 3858 341 3904 esse
364 3837 632 3916 demonstremus,
661 3833 804 3899 omnium
826 3833 964 3916 primum
987 3833 1030 3915 id,
1060 3840 1164 3899 utrum
1187 3834 1288 3898 Varro
1310 3854 1385 3902 eam

269 3940 320 4006 vel
343 3940 443 4005 aliam
464 3937 622 4004 eiusmodi
638 3936 809 4002 formulam
830 3935 1035 4024 usurpaverit
1056 3954 1167 4020 necne,
1190 3936 1386 4013 perscrutari

268 4061 328 4108 nos
363 4060 499 4107 necesse
530 4047 589 4106 est.
634 4038 757 4118 Quodsi
785 4038 884 4121 igitur
916 4036 1070 4103 Varronis
1102 4037 1142 4103 de
1173 4037 1194 4104 l.
1229 4037 1250 4102 l.
1285 4036 1384 4104 libros

268 4144 500 4229 persequimur,
531 4150 564 4208 et
584 4141 698 4226 paucis
723 4141 831 4206 uerbis
859 4140 1046 4220 interiectis,
1076 4139 1109 4205 in
1138 4138 1253 4204 eodem
1278 4139 1384 4223 capite

269 4254 393 4331 quarto,
425 4246 460 4311 iu
493 4265 557 4330 quo
590 4245 770 4327 depravata
798 4242 894 4308 lectio
923 4241 964 4309 ‘si
985 4238 1116 4324 quidem'
1154 4240 1315 4306 inuenitur
1352 4249 1385 4308 et
