3016 4864
814 302 855 371 10

276 488 359 554 duae
383 490 559 573 particulae
581 509 646 556 una
673 492 862 573 scribantur,
903 489 995 572 quasi
1028 489 1079 555 ‘si
1105 488 1263 571 quidem‘
1304 510 1390 556 com·

274 592 413 676 positum
437 612 499 657 uon
521 598 618 658 esset.

380 694 418 773 Q.
447 694 593 759 Ennius
627 695 817 778 particulam
850 692 1028 777 ‘quidem'
1060 693 1115 758 'bis
1150 693 1258 776 posuit
1288 699 1320 758 ct
1356 693 1390 757 in

272 795 444 860 annalibus
461 795 587 878 quidem
605 794 660 875 (cl.
676 796 770 878 frgm.
786 797 857 862 486.
875 795 924 860 ed.
941 794 1080 876 Vahlen)
1099 794 1195 860 ‘dum
1213 793 1390 879 quidem',

275 917 368 979 quam
401 896 571 963 formulam
597 897 682 962 iulra
718 897 955 982 explicabimus,
992 899 1024 962 in
1056 897 1249 980 tragicorum
1280 899 1390 962 autem

274 998 466 1082 fragmentis
489 999 542 1081 (cf.
568 1001 712 1064 Ribbeck
736 1000 816 1064 Eun.
839 999 935 1081 frgm.
955 1001 1033 1085 402)
1067 999 1116 1064 vis
1139 999 1314 1083 particulae
1336 1018 1389 1064 re-

274 1101 436 1184 stringens
460 1101 630 1180 invenitur,
654 1110 688 1166 ut
711 1102 786 1166 novi
808 1101 928 1185 aliquid
952 1103 1043 1166 uobis
1066 1121 1130 1166 non
1153 1102 1316 1185 praebeat.

379 1204 444 1269 Sed
468 1203 694 1285 multomagis
718 1205 825 1269 varius
858 1204 944 1287 apud
971 1203 1120 1269 Plautum
1145 1210 1179 1267 et
1200 1202 1388 1268 Terentium

273 1305 451 1389 particulae
484 1324 561 1370 usus
593 1305 760 1387 reperitur,
797 1306 850 1388 qui
880 1305 949 1391 jam
978 1305 1189 1371 subtilissima
1210 1305 1389 1389 particulae
1496 1318 1497 1333 *

274 1405 417 1490 ‘quidem'
457 1405 730 1490 significationum
753 1407 941 1473 discrimina
963 1408 1121 1472 deliniunt
1142 1415 1172 1472 et
1195 1407 1311 1472 nrultas
1334 1408 1389 1472 ha·

275 1511 351 1575 beot
373 1509 503 1591 figuras,
526 1509 638 1592 quibus
662 1509 774 1574 Cicero
796 1517 911 1592 postea
934 1510 1091 1574 rationem
1114 1517 1279 1594 artemque
1300 1511 1389 1574 attri·

273 1613 351 1678 buit.
395 1614 547 1677 Attamen
571 1622 603 1676 et
625 1611 711 1695 apud
731 1612 879 1676 Plautum
903 1620 936 1676 et
957 1613 1042 1695 apud
1058 1612 1255 1693 Terentium,
1278 1632 1389 1696 quam·

273 1713 322 1778 vis
346 1714 385 1778 ab
407 1713 448 1779 iis
470 1733 548 1780 usus
570 1715 712 1779 rationes
734 1720 848 1780 auctae
874 1714 949 1797 sint,
987 1724 1030 1793 ut,
1066 1734 1137 1781 cum
1165 1716 1204 1779 ab
1228 1714 1279 1793 iis,
1308 1733 1388 1797 quos

273 1816 366 1882 modo
388 1816 635 1896 nominavimus,
669 1816 848 1882 auctoribus
881 1835 979 1880 unum
1007 1825 1062 1881 aut
1083 1816 1147 1881 duo
1169 1836 1245 1882 usus
1266 1836 1389 1898 genera

272 1917 393 2000 scripta
415 1917 600 1998 viderimus,
622 1918 733 1983 decem
756 1919 823 1983 fere
846 1937 967 2001 genera
988 1919 1145 2002 legamus,
1167 1918 1200 1982 in
1218 1918 1258 1982 iis
1275 1918 1388 2001 liguris

271 2019 440 2103 particula,
478 2040 559 2103 quae
585 2020 627 2085 ad
654 2040 835 2086 sermonem
862 2020 1047 2085 comoediae
1074 2019 1268 2085 familiarem
1291 2021 1388 2103 perti·

271 2129 350 2185 nent
371 2122 506 2187 videtur.

377 2224 533 2292 Plautus
556 2225 683 2309 quidem
705 2225 863 2309 imprimis
889 2223 1147 2308 compositiones,
1174 2242 1253 2307 quas
1281 2223 1315 2288 in
1337 2243 1388 2290 co·

272 2324 408 2391 moediis
431 2326 568 2393 maxime
591 2328 785 2410 quaerimus,
817 2335 851 2392 ut
873 2346 1017 2392 summac
1039 2326 1273 2408 admirationis,
1307 2345 1388 2410 quae

271 2427 458 2510 plerumque
481 2429 638 2494 similibus
662 2430 767 2494 verbis
790 2430 854 2494 iam
869 2429 1114 2494 admirationem
1131 2428 1386 2511 significantibus

271 2529 510 2611 amplificantur
531 2539 566 2596 ut
585 2529 718 2617 ‘sane‚
740 2532 945 2615 profecto,
967 2530 1120 2612 hercle,
1148 2528 1270 2596 certe’
1297 2530 1385 2596 aliis·

271 2649 332 2711 que
355 2630 512 2697 eiusmodi
535 2633 713 2717 particulis,
736 2638 876 2718 praebet.

377 2733 475 2799 Porro
499 2745 605 2801 autem
621 2736 753 2801 Plautus
780 2735 971 2820 saepissime
988 2733 1157 2798 formulam
1179 2733 1269 2798 illam
1289 2753 1387 2856 supra

271 2845 551 2903 commemoratam
586 2837 638 2903 si
672 2835 840 2920 quidem’
881 2837 1004 2920 posuit,
1047 2835 1105 2902 scd
1148 2835 1212 2915 ita,
1258 2835 1339 2903 ut
1352 2837 1385 2902 si

269 2937 437 3020 quidem’
468 2939 787 3007 idemacnostrum
798 2938 916 3005 wenn’
945 2958 1005 3003 nec
1028 2938 1386 3021 idemquodpartioula

266 3036 432 3120 quoniam'
464 3049 519 3106 aut
543 3039 701 3125 quando’,
735 3042 766 3106 id
792 3043 876 3126 quod
902 3047 1030 3125 praeter
1059 3046 1192 3114 cet‚eras
1236 3046 1271 3105 ut
1299 3040 1386 3105 infra

270 3141 512 3225 intellegamus,
547 3144 801 3228 significationes
829 3142 994 3209 Ciceronis
1024 3148 1131 3207 aetate
1164 3141 1248 3205 haud
1277 3161 1384 3206 rarum

269 3249 329 3326 est,
345 3244 452 3309 valeat
462 3254 589 3328 praeter
601 3246 821 3324 unumlocum,
833 3245 887 3328 qui
899 3245 1060 3312 invenitor
1072 3247 1105 3310 in
1117 3243 1385 3328 quiuquagesimo

269 3345 370 3410 altero
392 3346 433 3410 ad
448 3348 624 3412 Poenulum
644 3347 770 3431 prologi
786 3367 890 3420 versu,
906 3357 940 3412 ut
955 3348 1040 3413 baud
1059 3349 1161 3414 sciam
1176 3367 1218 3410 au
1241 3346 1276 3410 is
1299 3365 1385 3429 par·

269 3447 423 3515 ticulae
446 3469 539 3515 usus
561 3450 685 3515 alteri
706 3450 877 3516 Poenuli
901 3450 1061 3535 septimi
1089 3449 1198 3514 urbis
1228 3447 1384 3513 saeculi

269 3550 521 3628 recensioni,
559 3572 654 3634 quam
691 3552 751 3617 Tb.
788 3553 915 3635 Hasper
951 3553 983 3616 in
1027 3552 1136 3617 libello
1172 3550 1213 3614 dc
1249 3549 1384 3614 Poenuli

268 3651 433 3735 plautinae
456 3653 577 3737 duplici
599 3655 685 3719 exitu
710 3652 811 3739 (Lips.
830 3654 925 3735 1868)
948 3654 1147 3734 ostendebat,
1170 3661 1383 3738 argumen-

269 3766 348 3819 tum
371 3754 503 3820 addat.

374 3857 548 3923 Praeterea
577 3864 684 3922 autem
721 3856 805 3921 aliae
835 3856 1085 3940 compositiones
1114 3877 1177 3923 non
1210 3859 1328 3924 desunt
1349 3866 1385 3923 ut

266 3957 359 4022 ‘nisi
383 3995 421 4005 -
444 3959 689 4024 dum-nam
710 3959 960 4041 -quoniam
984 3960 1205 4043 -quando
1230 3965 1382 4026 —ct-

268 4079 313 4126 ac
325 4097 365 4109 -
381 4060 544 4144 quidem'
575 4061 688 4145 quibus
703 4060 989 4144 compositionibus
1002 4060 1087 4126 infra
1098 4062 1171 4145 plus
1182 4063 1243 4129 loci
1256 4061 1384 4127 dabitur

269 4170 301 4228 et
327 4163 518 4246 saepissime
546 4164 787 4247 pronominibus
817 4182 887 4228 cum
916 4163 1139 4246 personalibus
1162 4170 1229 4229 tum
1252 4164 1382 4230 demon-

269 4264 422 4342 strativis,
437 4273 472 4332 ut
487 4264 644 4331 formulae
659 4267 751 4348 quasi
766 4265 850 4331 fixae
860 4264 1018 4331 interdum
1034 4265 1212 4350 videantur,
1222 4267 1383 4351 apposuit.
