3016 4864
824 309 843 373 8

269 492 473 558 terationi
495 492 717 576 studuerit,
738 510 819 576 cum,
841 491 1032 578 ubicumque
1054 494 1124 560 fieri
1145 502 1259 579 potest,
1287 497 1393 581 parti·
1499 502 1500 511 ’

268 594 374 661 culam
394 594 567 678 ‘quideni
596 595 779 680 pronomini
801 595 936 661 relativo
952 597 1117 682 adjungat.
1162 599 1232 663 Huc
1251 599 1391 680 accedit,

270 696 356 779 quod
379 697 495 763 Cicero
517 718 581 763 non
604 698 698 763 modo
717 697 806 763 iuxta
821 717 999 782 pronomen
1014 699 1194 780 relativum,
1218 701 1391 767 sedetiam

272 800 361 864 iuxta
383 799 449 865 alia
470 800 626 867 vocabula
648 806 704 864 aut
724 820 744 864 a
766 800 874 865 littera
893 798 927 884 ‘q’
954 799 1053 867 aut‘c'
1080 802 1266 886 incipientia
1281 805 1393 887 posuit

272 920 406 986 quorum
442 902 634 986 saepissime
670 903 821 986 leguntur
850 900 974 985 ‘quam
998 904 1045 969 ob
1078 924 1175 986 rem,
1208 905 1389 991 quando,

268 1006 474 1087 quoniam,
494 1023 747 1088 quamquam,
770 1002 855 1070 cum'
890 1026 951 1071 nec
979 1025 1052 1071 raro
1072 1007 1136 1073 tria
1158 1008 1312 1092 deinceps
1334 1029 1390 1074 vo-

275 1105 398 1189 cabula,
421 1126 504 1190 quae
527 1128 547 1171 a
569 1104 723 1189 littere‘q'
750 1105 847 1173 vel‘c'
866 1107 1033 1192 incipiunt,
1056 1116 1102 1174 ut:
1125 1111 1185 1175 De.
1209 1109 1262 1176 Cr.
1278 1112 1320 1178 ll.
1336 1113 1388 1192 69,

271 1210 326 1273 71:
355 1207 430 1291 ‘qui
462 1209 626 1292 quidem
664 1207 741 1292 quo’
782 1209 870 1274 Brut.
909 1211 980 1293 137,
1021 1209 1196 1294 ‘quorum
1229 1212 1389 1296 quidem

269 1308 397 1395 quad,
430 1312 530 1379 Partt
570 1332 633 1378 orr.
660 1312 713 1391 22,
744 1310 863 1378 742‘in
900 1312 1044 1395 quibus
1076 1313 1235 1395 quidem
1268 1329 1388 1397 quaet

269 1415 360 1481 Lael.
381 1416 412 1497 4,
433 1415 487 1480 14:
506 1412 584 1498 ‘qui
606 1413 764 1501 quidem
787 1410 924 1496 quasi.

375 1518 488 1600 Itaque
512 1517 587 1582 mihi
611 1519 753 1584 alienum
782 1535 856 1583 essc
885 1536 949 1582 non
972 1517 1107 1597 videtur,
1130 1518 1171 1583 de
1192 1518 1389 1602 discrimine,

270 1617 354 1701 quod
376 1619 460 1685 inter
475 1620 631 1704 epistulas
647 1628 679 1687 et
701 1617 935 1703 disputationes
957 1618 1196 1704 philosophicas
1211 1620 1389 1698 {rhetorico-

271 1740 351 1803 sque
366 1720 466 1787 librcs
482 1729 541 1805 est,
563 1743 668 1807 pauca
683 1724 801 1789 dicere.
845 1722 888 1787 Et
909 1723 942 1787 in
958 1722 1104 1806 epistulis
1119 1723 1248 1806 quidem
1265 1723 1389 1803 Cicero,

269 1828 305 1888 ut
333 1842 431 1908 supra
453 1823 573 1890 dictum
596 1834 662 1906 est,
697 1827 731 1890 in
753 1832 869 1910 quarto
891 1845 1019 1909 quoque
1041 1825 1186 1909 exemplo
1206 1824 1383 1908 ‘quidem'

271 1945 343 1991 cum
365 1928 556 2010 pronomine
578 1928 724 2010 relativo,
748 1929 782 1992 in
804 1927 968 1992 nonnullis
990 1927 1081 1993 libris
1103 1926 1332 2011 philosophicis
1355 1928 1386 1992 in

270 2036 360 2094 sexto
382 2048 508 2113 qnoque
530 2030 710 2106 coniunxit:
735 2030 865 2114 saepius
881 2031 967 2094 enim
989 2030 1042 2095 vel
1064 2030 1096 2093 in
1119 2029 1244 2095 decimo
1271 2031 1323 2095 vel
1355 2031 1387 2095 in

273 2128 444 2197 undecimo
477 2131 529 2198 uel
566 2132 691 2197 decimo
725 2142 757 2199 et
785 2133 879 2198 tertio
906 2151 1031 2215 quoque
1056 2132 1183 2214 legitur,
1206 2132 1258 2198 ubi
1281 2141 1387 2198 antem

272 2232 459 2317 conjunctio
487 2234 717 2317 particularum
749 2231 987 2318 ‘etquidem'
1025 2233 1153 2300 relativi
1176 2253 1268 2299 usum
1290 2235 1387 2319 plane

276 2336 416 2419 supplet,
449 2337 639 2421 praesertim
680 2359 752 2404 oum
782 2337 852 2421 ‘qui
887 2333 1042 2419 quidem'
1078 2336 1164 2401 haud
1197 2355 1269 2401 raro
1301 2336 1387 2402 idem

276 2437 361 2520 quod
381 2437 429 2504 ‘et
451 2439 483 2503 is
506 2437 661 2521 quidem'
687 2442 805 2507 valeat.

378 2541 552 2609 Praeterea
596 2550 702 2609 autem
744 2540 945 2627 pronominis
980 2539 1108 2606 relativi
1143 2547 1176 2604 et
1211 2543 1387 2626 particulae

257 2641 264 2662 ‘
281 2640 440 2725 quidcm’
466 2647 731 2731 compositionem
746 2646 835 2710 illam
851 2643 979 2727 quidem
994 2642 1073 2707 nihil
1090 2643 1293 2709 veterrimam
1306 2665 1387 2729 esse,

272 2745 330 2809 sed
374 2745 562 2814 Ciceronem
607 2769 679 2815 eam
723 2749 826 2816 solum
864 2753 929 2811 tam
974 2764 1072 2829 saepe
1113 2745 1260 2828 posuisse
1293 2747 1388 2830 idque

271 2847 410 2929 posteris
432 2851 550 2917 aetatis
572 2855 676 2933 annis,
700 2872 772 2918 cum
795 2854 1003 2915 monumenta
1024 2848 1154 2930 liuguae
1176 2848 1297 2914 latinae
1313 2858 1387 2914 ante

272 2948 459 3016 Ciceronem
472 2951 587 3021 litteris
599 2955 759 3032 mandata,
772 2970 1004 3039 percurremus,
1016 2950 1111 3018 facile
1120 2951 1151 3015 in
1161 2962 1309 3036 promptu
1318 2954 1387 3020 erit.

380 3053 493 3137 ltaque
516 3076 586 3122 cum
606 3067 692 3124 retro
715 3076 816 3140 usque
840 3055 881 3119 ad
896 3054 1074 3118 litterarum
1091 3053 1280 3137 scriptarum
1296 3056 1389 3120 initia

277 3155 506 3238 respiciemus,
538 3161 697 3243 quomodo
735 3154 950 3240 antiquissimi
987 3158 1161 3239 scriptores
1195 3159 1386 3243 particulam

268 3256 437 3340 ‘quidem'
467 3263 707 3346 usurpaverint,
729 3280 790 3327 nec
811 3257 935 3340 negari,
958 3275 1028 3323 eam
1052 3260 1243 3342 particulam
1257 3262 1387 3327 veterri-

273 3379 359 3424 mam
394 3360 484 3426 illam
517 3364 646 3445 quidem
677 3385 765 3448 esse,
793 3369 825 3427 et
850 3358 913 3424 dici
940 3369 1046 3442 potest
1068 3381 1138 3426 earn
1162 3362 1262 3427 multo
1284 3364 1386 3429 rarius

271 3480 366 3544 quam
394 3464 531 3546 posteris
559 3468 755 3551 temporibus
781 3475 877 3549 atque
906 3465 939 3528 in
962 3462 1107 3528 oratioue
1129 3464 1388 3531 attenuatissima

270 3564 422 3629 inveniri:
455 3587 541 3650 nam,
568 3570 691 3634 varium
714 3571 805 3635 illum
828 3565 1005 3654 particulae
1028 3585 1118 3631 usum
1142 3574 1173 3633 et
1194 3567 1387 3651 multiplices

272 3668 341 3734 eius
369 3670 633 3754 compositiones,
660 3693 742 3756 qrrae
767 3673 860 3738 uobis
888 3667 974 3753 apud
997 3666 1183 3733 Ciceronem
1211 3680 1387 3753 occurrunt,

272 3790 355 3854 quae
377 3772 556 3837 orationem
579 3775 754 3840 terminant
776 3783 872 3858 atque
894 3770 1018 3848 finiunt,
1042 3788 1123 3853 quae
1137 3772 1265 3837 variant
1287 3781 1319 3838 et
1340 3774 1387 3839 di·

275 3873 442 3957 stinguuut
463 3873 632 3941 verborum
655 3877 942 3958 continuationem,
975 3877 1010 3935 ut
1035 3875 1192 3943 varietate
1218 3886 1250 3942 et
1275 3876 1386 3960 vigore

272 3976 410 4058 quodam
441 3976 543 4042 oratio
577 3977 738 4044 afliciatur
773 3988 806 4044 et
840 3977 918 4043 insit
943 3976 976 4041 in
1002 3997 1042 4042 ca
1068 3979 1197 4060 quidam
1221 3980 1292 4046 sine
1314 3979 1386 4044 fuco

272 4078 455 4162 elegantiae
476 4079 572 4158 color,
595 4080 629 4144 in
657 4081 953 4167 antiquissimorum
976 4089 1141 4147 auctorum
1170 4081 1314 4164 reliquiis
1340 4083 1385 4146 in·

271 4181 385 4264 veniri,
407 4182 505 4247 facile
526 4201 622 4248 nemo
644 4192 703 4264 est,
725 4183 780 4266 qui
803 4190 977 4266 exspectet.

380 4283 460 4350 Cum
497 4284 583 4351 enim
614 4286 750 4352 vetustis
785 4285 928 4351 omniurn
965 4286 1155 4372 populorum
1190 4286 1385 4370 temporibus
