3016 4864
634 343 674 408 21

89 545 171 593 usus
189 527 224 591 iu
239 525 438 591 orationibus
449 524 521 591 sine
532 525 600 591 ulla
611 526 810 593 dubitatione
827 527 1018 611 particulam
1030 523 1207 611 ‘quidem’

90 627 266 712 paullatim
288 626 517 712 amplificatam
540 646 615 693 esse
636 627 847 695 demonstrat.
889 628 1036 711 Namque
1051 629 1085 693 iu
1100 628 1213 713 primis

91 728 294 795 orationibus
313 726 497 811 ‘quidem'
527 729 693 796 rarissime
716 728 856 795 inueniri
871 729 1018 796 omnibus
1033 730 1214 815 legentibus

93 830 193 897 modo
222 829 426 915 perspicuum
456 833 527 913 erit,
560 831 589 897 si
618 830 798 917 particulae
822 828 1008 916 ‘quidem'
1043 831 1107 897 loci
1142 850 1214 897 cum

90 930 321 1016 partieularum
342 930 406 998 ‘ne
427 970 469 983 -
490 932 558 1017 qui
571 930 665 999 dem’
693 932 774 999 loeis
796 934 1073 1018 comparabuntur.
1106 931 1216 1013 ‘Qui-

91 1029 193 1098 dem'
220 1032 306 1098 enim
329 1033 363 1098 in
385 1034 530 1100 oratioue
551 1054 609 1119 pro
631 1036 666 1099 P.
690 1034 840 1114 Quinctio
862 1036 972 1101 habita
993 1035 1131 1114 sexiens,
1150 1033 1216 1101 ‘ue

93 1131 271 1218 quidem’
299 1135 434 1219 viciens,
469 1136 501 1201 in
529 1135 676 1202 oratione
702 1156 761 1221 pro
782 1137 901 1203 Roscio
923 1136 1077 1202 Amerino
1106 1136 1216 1202 habita

93 1235 251 1323 septiens,
280 1241 340 1301 ‘ne
364 1234 536 1321 quidem’
569 1238 694 1304 viciens
721 1241 861 1320 sexiens,
890 1239 924 1304 in
954 1239 1154 1305 divinatione
1181 1238 1215 1303 in

94 1337 276 1405 Caecilium
291 1343 414 1422 quater,
431 1343 497 1404 ‘ne
511 1339 606 1423 quid
616 1338 680 1406 em'
701 1341 847 1421 noviens,
863 1340 897 1405 in
912 1340 1017 1425 prima
1033 1341 1066 1405 in
1082 1340 1215 1406 Verrem

93 1440 225 1507 actione
240 1439 401 1523 quidem
417 1442 528 1526 semel,
544 1454 604 1507 ‘ne
620 1479 661 1491 -
675 1440 833 1527 quidem’
860 1451 982 1526 quater,
1009 1443 1091 1509 libro
1111 1442 1216 1527 primo

93 1542 260 1610 secundae
291 1542 325 1606 in
349 1543 482 1608 Verrem
512 1543 649 1609 actionis
679 1541 842 1628 ‘quidem’
878 1545 1064 1625 undeciens,
1093 1543 1152 1609 ‘ue
1175 1580 1216 1591 -
1299 1597 1301 1602 .

94 1642 257 1730 quidem’
284 1642 497 1709 undevioiens
519 1645 646 1730 legitur.
690 1645 802 1729 Itaque
827 1646 952 1711 numeri
989 1646 1217 1712 continuantur

93 1766 200 1831 usque
231 1746 275 1812 ad
296 1766 416 1812 aunum
444 1747 655 1812 centesimum
682 1748 753 1813 fere
779 1747 1026 1831 nonagesimum
1055 1754 1216 1831 quartum:

93 1870 172 1916 nam
199 1849 240 1913 ab
262 1849 408 1914 oratioue
431 1869 487 1933 pro
506 1849 624 1916 Flacco
646 1868 747 1933 usque
769 1848 812 1914 ad
833 1848 996 1916 orationes
1011 1849 1217 1933 Philippicas,

95 1951 244 2016 oratione
266 1949 423 2016 dedomo
446 1959 591 2036 excepta,
616 1959 743 2019 eentum
766 1952 834 2018 fere
854 1951 971 2037 uiginti
990 1951 1072 2017 locis
1088 1949 1217 2035 saepius

92 2050 270 2138 ‘quidem'
306 2073 399 2137 quem
429 2052 491 2118 ‘ne
523 2051 682 2138 quidem’
720 2053 888 2137 reperitur,
929 2061 965 2119 ut
990 2054 1088 2119 etiam
1115 2071 1156 2118 ea
1182 2069 1218 2118 re

97 2159 347 2237 demonstretur,
370 2154 561 2240 particulam
581 2153 755 2237 ‘quidem'
789 2154 894 2238 magis
917 2155 1082 2239 magisque
1104 2151 1217 2237 ampli·

97 2261 202 2327 ficari.
244 2262 295 2324 Ac
308 2277 349 2323 ne
364 2256 443 2322 illud
459 2254 586 2339 quidem
607 2254 818 2321 omittendum
839 2263 899 2333 est,
921 2256 1006 2338 quod
1024 2253 1218 2340 ‘quidsui,

96 2364 249 2448 quoniam
271 2379 345 2425 raro
366 2365 554 2442 usurpatum
578 2365 638 2438 est,
661 2358 760 2423 multo
783 2357 889 2423 minus
909 2376 1004 2442 quam
1025 2357 1218 2445 impostoris

98 2465 230 2551 scriptis
254 2484 274 2529 a
297 2461 451 2528 Cicerone
473 2460 640 2543 eleganter
660 2458 800 2544 positum
825 2467 892 2525 est:
928 2459 962 2524 in
987 2460 1101 2545 primis
1129 2459 1217 2525 enim

97 2566 299 2634 orationibus
329 2561 519 2649 saepissime
546 2581 619 2627 oum
640 2561 829 2647 pronomine
855 2562 991 2628 relativo
1013 2561 1220 2649 conjungitur

98 2670 246 2753 aliisque,
269 2685 350 2750 quos
372 2666 437 2730 iam
460 2663 547 2748 apud
568 2663 741 2747 scriptores
763 2673 840 2729 ante
856 2663 1044 2730 Ciceronem
1067 2663 1219 2746 cognovi·

98 2791 183 2853 mus,
215 2768 322 2835 modis
354 2774 537 2851 usurpatur,
570 2785 642 2831 cum
674 2773 790 2853 postea
820 2767 923 2833 oratio
948 2768 1055 2851 magis
1077 2766 1220 2831 varietur

99 2894 139 2940 ao
171 2871 359 2948 deliniatur,
401 2868 435 2933 id
467 2867 566 2952 quod,
598 2887 670 2933 eum
703 2868 748 2934 ibi
778 2868 909 2953 planius
943 2869 1106 2954 explicare
1140 2867 1219 2932 mihi

98 2983 215 3062 aptum
237 2993 303 3039 nou
329 2970 489 3054 videatur,
522 2990 580 3036 suo
612 2970 684 3035 loco
718 2990 885 3055 exponam.

208 3077 257 3141 Ao
277 3094 319 3139 ue
334 3074 440 3139 minos
455 3071 583 3155 quidem
599 3072 639 3136 ah
654 3090 694 3136 ea
717 3072 906 3155 quaestione
928 3069 1100 3136 abhorrere
1121 3070 1219 3136 etiam

101 3177 259 3266 epistulas
274 3175 317 3242 ad
333 3174 519 3240 Ciceronem
536 3174 673 3257 scriptas
688 3172 850 3259 persequi,
865 3192 929 3238 non
946 3178 1045 3255 ratus,
1060 3172 1170 3237 inveni
1185 3172 1219 3236 in

101 3282 153 3348 luis
173 3279 354 3362 nonaginta
368 3275 516 3357 epistulis
537 3276 586 3342 bis
607 3275 799 3361 particulam
811 3273 988 3359 ‘quidem'
1010 3294 1083 3340 cum
1100 3292 1221 3358 prono·

101 3384 189 3450 mine
218 3379 355 3445 relativo
384 3377 588 3444 coniunctam
616 3396 689 3443 esse
711 3377 806 3460 idque
839 3379 881 3441 ad
903 3377 994 3443 Fam.
1017 3377 1061 3442 VI
1083 3379 1112 3457 l,
1141 3378 1157 3441 1
1188 3382 1222 3442 et

101 3485 166 3552 iod.
189 3484 237 3550 XI
260 3483 331 3561 13a,
353 3482 383 3547 5.

209 3583 330 3666 Quibus
353 3583 448 3649 rebus
470 3581 625 3666 expositis
640 3580 733 3646 nobis
748 3600 873 3665 omues,
895 3601 976 3665 quos
998 3581 1224 3668 peremimus,

103 3690 279 3774 scriptores
300 3684 465 3768 paulisper
487 3681 700 3765 contemplari
714 3683 825 3749 liceat:
840 3691 907 3749 tum
930 3683 1015 3750 enim
1032 3681 1223 3765 videbimus,

102 3790 297 3878 particulam
327 3782 499 3867 ‘quidem'
545 3783 736 3867 saepissime
763 3806 783 3851 a
811 3785 926 3851 Plauto
952 3792 984 3851 et
1009 3783 1162 3851 Terentio
1192 3790 1226 3849 et

104 3894 272 3972 Cicerone,
307 3885 472 3953 rarissime
494 3905 514 3949 a
536 3886 687 3964 Varrone,
724 3887 890 3968 Sallustio,
923 3888 1063 3953 Caesare
1083 3883 1226 3968 positum

103 4014 193 4078 esse3
216 3992 251 4056 id
274 3989 360 4074 quod
382 3987 468 4054 hand
484 3987 550 4053 scio
565 4006 607 4050 an
628 3987 718 4052 aliud
734 3989 942 4070 demonstret,
964 3989 1027 4054 nisi
1046 3985 1219 4071 ‘quidem‘

101 4093 295 4184 particulam
318 4109 389 4155 esse
412 4089 571 4156 sermonis
601 4087 836 4171 etfamiliaris,
865 4098 976 4175 utpote
1000 4091 1034 4155 in
1057 4087 1226 4156 comoedia

102 4209 135 4267 et
156 4200 190 4263 in
214 4191 382 4262 Oiceronis
405 4191 553 4276 epistulis
581 4190 752 4269 invenitur,
781 4200 814 4258 ot
836 4190 1051 4277 philosophici
1079 4190 1133 4258 vel
1153 4190 1226 4257 rhe-

102 4299 208 4380 torici,
243 4303 278 4361 ut
306 4294 392 4379 apud
414 4293 602 4360 Ciceronem
629 4294 723 4360 nobis
746 4296 894 4367 occurrit,
925 4314 1008 4379 quae
1038 4292 1134 4360 modo
1156 4311 1227 4360 rem
