3016 4864
697 974 878 1092 Vita.

339 1157 442 1224 Natus
454 1175 524 1222 sum
540 1173 601 1237 ego
612 1153 795 1219 Fridericus
808 1150 998 1219 Guilielmus
1012 1150 1210 1217 Grossmann
1222 1150 1349 1233 Drang-

231 1260 319 1344 furti,
353 1260 386 1325 in
416 1276 518 1343 parvo
548 1256 721 1322 chssiae
744 1253 920 1321 Orientalis
947 1253 1076 1339 oppido,
1105 1273 1134 1320 a.
1157 1252 1188 1319 d.
1215 1254 1272 1321 Ill.
1300 1256 1349 1322 Id.

233 1363 305 1429 Mai.
337 1383 368 1429 a.
390 1361 419 1426 h.
443 1380 467 1425 s.
490 1358 572 1424 LIII.
601 1367 693 1442 patre
717 1357 899 1438 Guilielmo,
927 1362 1029 1421 matre
1051 1355 1180 1420 Amalia
1207 1376 1225 1420 c
1251 1364 1349 1439 gente

234 1464 442 1547 Lakertiana
464 1460 570 1531 adhuc
593 1461 697 1543 virio„
730 1460 824 1527 Fidei
852 1459 1000 1527 addictus
1027 1478 1096 1556 sum
1128 1459 1347 1541 evangelicae.

233 1568 349 1633 Primis
374 1565 552 1630 litterarum
577 1562 745 1627 elementis
769 1563 800 1626 in
824 1561 948 1645 patriae
970 1560 1046 1624 ludo
1070 1560 1242 1626 instructus
1258 1561 1349 1626 sede·
1380 1576 1382 1580 ·

234 1671 295 1735 cim
319 1687 475 1733 annorum
498 1686 578 1750 puer
600 1687 630 1730 a.
654 1666 683 1729 h.
701 1686 725 1731 s.
742 1663 854 1728 LXIX.
876 1662 1046 1748 gymnasio
1062 1662 1350 1747 Rastenburgiensi

233 1770 428 1838 erudiendus
451 1769 587 1835 traditus
610 1788 691 1849 sum,
726 1767 822 1846 unde,
855 1787 884 1839 a,
912 1766 942 1831 h.
973 1785 998 1830 s.
1022 1765 1167 1831 LXXIII
1188 1764 1235 1831 ld.
1258 1766 1349 1835 Mart.

235 1872 430 1940 maturitatis
453 1870 671 1937 testimonium
695 1870 843 1953 adeptus,
876 1868 908 1932 in
939 1888 1105 1935 numerum
1129 1868 1245 1937 civium
1267 1872 1350 1937 Aca-

232 1977 362 2049 ¹‹lemiae
384 1974 572 2039 Albcrtinae
598 1981 757 2056 receptus,
779 1970 865 2056 apud
884 1972 1070 2041 facultatem
1094 1971 1349 2056 philosophicam

235 2098 354 2144 nomen
377 2077 544 2160 professus
568 2095 654 2157 sum3
685 2075 737 2139 ubi
759 2093 817 2158 per
840 2094 956 2140 novem
979 2075 1148 2139 semestris
1173 2094 1249 2151 usus
1279 2096 1350 2142 sum

234 2182 284 2246 his
308 2178 544 2265 professoribus
568 2177 613 2241 ill.

450 2282 642 2362 Bcrpmaan,
663 2280 877 2363 Fnedlandea
900 2279 1030 2359 Jordan,
1049 2281 1186 2362 Lelrra†,
1205 2284 1351 2345 Mauren-

371 2436 375 2446 .
449 2383 580 2455 brachare
610 2382 809 2465 Quadratae,
836 2384 966 2454 Salanda,
995 2385 1095 2465 Vna‘pl,
1123 2383 1246 2454 Walter,

236 2487 352 2569 quihus
376 2484 523 2548 omnibus
551 2504 655 2566 neque
687 2484 793 2548 minus
816 2483 892 2575 iuis,
925 2485 978 2566 qui
1012 2505 1063 2548 me
1096 2491 1192 2549 antea
1228 2486 1352 2550 litteras

239 2589 425 2668 docuerunt,
450 2605 577 2667 semper
598 2586 733 2668 gratiam
758 2586 881 2650 habebo
904 2607 998 2669 quam
1022 2588 1204 2653 maximam.
1248 2590 1353 2671 Atque

238 2689 402 2755 seminarii
420 2687 607 2770 philologici
623 2689 911 2772 exercitationibus,
934 2684 1016 2772 quae
1032 2690 1217 2754 etiamnunc
1238 2689 1354 2755 florent

238 2793 297 2858 sub
331 2813 361 2857 v.
392 2791 422 2854 d.
454 2789 687 2855 Friedlaeuder
717 2798 750 2857 et
778 2791 901 2857 Jordan
935 2792 1092 2873 regimine
1124 2812 1183 2876 per
1212 2793 1354 2876 quinque

239 2893 409 2960 semestria
437 2891 559 2956 sodalis
594 2892 724 2957 interfui
758 2891 950 2959 ordinarius.
997 2895 1177 2962 Auctumnc
1206 2917 1235 2960 a.
1268 2896 1299 2961 h.
1329 2917 1354 2962 s.

238 2996 393 3062 LXXVII.
417 3015 444 3059 a.
472 2995 502 3057 d.
524 2994 561 3060 V.
588 2996 660 3062 Kal.
684 2996 756 3063 Oct.
785 3015 920 3061 examen
942 3016 1008 3082 ,pro
1031 2997 1186 3063 facultate
1217 2997 1356 3064 docendi

239 3098 387 3180 sustinui,
431 3116 471 3161 cx
502 3115 565 3179 quo
600 3105 744 3182 tempore
778 3118 835 3163 sex
871 3118 999 3164 menses
1035 3100 1200 3164 seminarii
1231 3100 1355 3183 paeda·

238 3200 361 3284 gogici‚
397 3198 446 3264 cui
480 3200 642 3282 praestitit
677 3222 707 3267 v.
748 3201 778 3265 (l.
814 3199 984 3282 Schrader,
1020 3200 1181 3267 sodalibus
1210 3202 1356 3286 adscrip-

240 3311 291 3368 tus
326 3301 530 3382 Regiomonti
574 3302 605 3366 in
651 3303 821 3388 gymnasio
857 3303 1122 3387 Polaeopolitano
1168 3304 1356 3370 instituendi

193 3428 196 3433 ⁴
241 3404 423 3469 tirocinium
447 3423 587 3468 annuum
612 3406 788 3490 ponebam3
817 3425 879 3488 quo
902 3405 1096 3471 Aliensteini
1119 3407 1197 3471 anni
1219 3406 1354 3490 proximi

241 3512 413 3570 auctumno
443 3505 589 3571 conlecto
615 3507 751 3590 collegio
771 3508 933 3593 gymnasii
944 3507 1216 3574 Alleusteinensis
1237 3508 1355 3574 adscri-

239 3616 314 3694 ptus
337 3628 418 3675 sum.
